3059 5059
300 419 655 498 ssi-336]
1304 415 1357 472 A
1376 413 1429 472 v
1453 415 1503 474 E
1524 415 1591 476 s,
2493 419 2606 477 123

298 547 527 629 Epope,
550 546 660 610 sed
689 559 749 608 et
778 547 873 606 bic
902 545 1071 606 alter.
1116 543 1228 604 ΕΡ.
1258 543 1375 605 Hic
1400 545 1640 625 quidem
1668 543 1951 606 Philoclis
1979 551 2076 604 est
2105 543 2260 604 filius
2289 563 2362 604 ex
2394 545 2599 626 Epope

294 640 618 720 prognati:
674 661 791 722 ego
818 659 957 700 vero
988 657 1131 698 avus
1164 637 1277 716 ipsi
1305 656 1433 698 sum
1464 648 1786 717 patei-nutu
1821 657 1892 698 ac
1930 637 1982 696 si
2027 636 2233 696 dicas:
2297 637 2600 716 Hipponi-

290 755 399 796 σιω
432 734 861 815 Calliaefili‘us,
888 741 945 794 et
976 753 1045 792 ex
1078 731 1421 811 Hipponis-0
1448 731 1688 792 Callias.
1771 730 2003 792 Pism.
2048 729 2274 790 Callias
2303 730 2604 808 igitur-est

291 825 393 888 hic
424 829 576 888 ales.
664 828 743 887 Ut
766 828 879 905 ipsi
899 826 1119 906 plumoe
1149 825 1455 886 defluunt!
1522 825 1731 886 Eum„
1763 823 2028 896 Scilicet,
2058 835 2124 882 ut
2149 824 2250 903 qui
2276 841 2600 902 generosus

289 919 393 990 sit,
424 941 461 981 a
490 919 875 1000 sycophantis
904 920 1297 998 deplumatur,
1325 929 1387 977 et
1414 917 1668 978 femellae
1717 917 1962 996 insuper
1994 915 2256 977 evellunt
2299 916 2411 994 ipsi
2453 935 2600 994 pen-

286 1033 427 1072 nas.
515 1013 749 1074 Pisru.
794 1012 849 1069 Ο
896 1011 1207 1090 Neptune!
1259 1029 1465 1072 eccum
1510 1011 1690 1070 alium
1733 1010 1930 1070 denuo
1970 1008 2388 1070 versicolorem
2431 1009 2598 1070 illum

286 1105 515 1166 alitem.
602 1107 739 1174 Quo
768 1125 906 1166 vero
934 1105 1171 1164 nomine
1200 1115 1477 1164 censetur
1504 1103 1666 1164 iste?
1753 1104 1866 1162 ΕΡ.
1913 1103 2026 1162 Hic
2053 1115 2144 1163 est
2189 1102 2599 1182 CatophagaS.

288 1199 534 1262 Pis‘rn.
566 1199 723 1260 Num
754 1218 891 1260 vero
920 1197 1304 1277 Catophagas
1330 1198 1481 1258 alius
1508 1208 1605 1257 est
1631 1205 1808 1275 atque
1837 1196 2202 1275 Cleonymus
2225 1195 2372 1274 iqui
2401 1207 2598 1258 autem

288 1298 457 1377 potis
476 1307 593 1368 est,
618 1307 705 1366 ut,
739 1297 1105 1376 Cleonymus
1135 1315 1315 1375 quum
1349 1297 1447 1366 sit,
1494 1315 1616 1354 non
1674 1294 1954 1373 abjecerit
1999 1291 2282 1354 cristam?
2337 1293 2422 1352 At
2464 1312 2602 1354 vero

286 1390 437 1469 quid
468 1390 579 1449 sibi
608 1391 820 1451 volunt
846 1391 945 1451 isti
990 1388 1185 1450 avium
1236 1387 1477 1467 apices?
1529 1407 1605 1448 an
1662 1387 1930 1452 diaulum
1985 1387 2210 1448 cursuri
2265 1387 2602 1448 venerunt?

287 1485 503 1545 Eum..
550 1483 812 1557 Scilicet,
835 1495 905 1544 ut
932 1483 1139 1554 Cares,
1168 1501 1207 1542 o
1226 1483 1403 1556 bone,
1434 1483 1495 1540 in
1524 1481 1769 1542 collium
1799 1480 2064 1561 apicibus
2093 1478 2386 1552 incolunt,
2427 1499 2599 1540 secu-

282 1579 481 1638 ritatis
512 1597 679 1656 ergo.
766 1578 999 1638 Pisrn.
1032 1575 1086 1635 Ο
1114 1577 1431 1654 Neptune!
1483 1595 1681 1636 nonne
1706 1575 1872 1637 vides
1903 1586 2190 1654 quantum
2234 1573 2310 1633 sit
2351 1591 2601 1652 congre-

291 1682 505 1751 gatum
534 1671 757 1730 malum
788 1670 1027 1732 avium?
1109 1670 1316 1730 Eur-21..
1376 1669 1596 1748 Apollo
1644 1689 1771 1742 rex,
1814 1687 1950 1748 quae
1999 1669 2224 1728 nubes!
2283 1667 2412 1738 Iou,
2467 1666 2599 1726 iou!

284 1785 413 1846 prae
444 1764 751 1825 volantum
782 1763 1157 1825 multitudine
1186 1782 1261 1822 ne
1290 1763 1588 1823 introitum
1623 1761 1866 1842 quidem
1893 1761 2034 1822 licet
2075 1761 2323 1841 amplius
2365 1761 2601 1837 conspi-

284 1859 431 1919 cari.
524 1859 758 1920 Prsrrr.
804 1858 920 1918 Hic
948 1856 1156 1937 perdix
1186 1867 1319 1924 est:
1376 1857 1487 1916 iste
1520 1876 1678 1928 vere,
1708 1857 1792 1916 ita
1819 1875 1912 1914 me
1949 1855 2183 1936 Jupiter
2227 1863 2410 1924 amet,
2451 1863 2601 1914 atta-

284 1971 449 2030 ἕως
503 1951 607 2012 bic
636 1963 833 2012 autem
859 1949 1163 2030 penelops,
1194 1961 1255 2010 et
1298 1951 1411 2008 iste
1452 1948 1684 2010 alcedo.
1769 1949 1976 2008 Euat..
2032 1948 2253 2029 Ecquis
2303 1967 2441 2008 vero
2499 1947 2600 2007 ille

282 2057 381 2105 est
406 2064 570 2125 pone
598 2042 991 2106 alcedonem?
1074 2044 1306 2105 Prsrn.
1350 2042 1501 2110 Quis
1528 2042 1630 2101 ille
1663 2041 1789 2101 sit?
1846 2041 2101 2122 cerylus.
2187 2041 2393 2100 Eum..
2439 2039 2598 2100 Num

284 2138 473 2218 igitur
498 2138 733 2218 cerylus
782 2147 877 2198 est
916 2136 1093 2197 ales?
1174 2137 1409 2197 Pis-1¹11.
1457 2135 1794 2215 Quippini?
1843 2155 1920 2194 an
1971 2154 2091 2195 non
2142 2143 2204 2195 et
2249 2133 2603 2213 Sporgilos?

286 2231 425 2291 hoec
450 2249 593 2292 vero
617 2241 841 2291 noctua
866 2239 979 2290 est.
1068 2231 1275 2290 Eum..
1306 2228 1465 2298 Quid
1510 2227 1642 2290 ais?
1689 2229 1822 2310 quis
1867 2239 2148 2289 noctuam
2191 2227 2459 2287 Athenas
2501 2226 2604 2288 de-

286 2323 591 2404 portavit?
703 2324 935 2384 Prsrn.
996 2323 1160 2396 Pica,
1217 2332 1430 2395 turtur,
1500 2321 1739 2393 alauda,
1797 2321 1983 2396 eleas,
2039 2321 2442 2402 hypothymis,
2497 2341 2595 2382 co-

286 2415 515 2490 lumba,
556 2425 785 2489 nertus,
828 2417 1129 2496 accipiter,
1186 2415 1521 2495 palumbus,
1576 2416 1846 2489 cuculus,
1899 2414 2272 2496 erythropus,
2325 2414 2601 2494 ceblepy-

284 2512 389 2583 ris,
452 2510 790 2592 porphyris,
842 2509 1005 2586 strix,
1054 2509 1359 2580 urinatrix,
1414 2507 1682 2587 ampelis,
1739 2509 2054 2588 ossifraga,
2111 2508 2302 2587 picus.
2389 2507 2600 2568 Eum..

288 2605 423 2676 lou,
466 2604 589 2676 iou,
638 2611 927 2682 quantum
978 2601 1214 2663 avium!
1299 2602 1427 2674 Ion,
1470 2601 1590 2673 iou,
1629 2614 1918 2681 quantum
1956 2601 2346 2662 merularum!
2403 2610 2472 2659 ut
2507 2602 2600 2682 pi-

286 2697 465 2777 piunt
504 2707 569 2758 et
620 2697 913 2758 cursitant
966 2700 1437 2776 perstrepentes!
1490 2693 1780 2773 numquid
1833 2693 2006 2754 nobis
2059 2692 2449 2755 minitantur?
2505 2713 2598 2754 voe

288 2791 471 2852 mibi!
526 2791 733 2869 utique
774 2809 880 2850 ora
916 2788 1214 2871 pandunt,
1253 2798 1432 2868 atque
1481 2788 1540 2846 in
1593 2807 1686 2847 me
1737 2787 2061 2869 respiciunt
2097 2799 2158 2848 et
2197 2798 2279 2848 te.
2365 2784 2598 2848 Prsrn.

288 2883 361 2944 Id
403 2881 653 2965 quidem
692 2893 755 2943 et
792 2882 933 2943 mihi
978 2880 1234 2944 videtur.
1324 2883 1548 2942 Cnon.
1599 2881 2364 2962 Popopopopopopopopoi.
2455 2879 2600 2940 Ubi·-

288 2998 429 3038 nam
476 2988 572 3038 est
626 2978 729 3058 qui
784 2997 879 3038 me
934 2975 1217 3038 vocavit?
1270 2993 1389 3053 quo
1430 2974 1670 3035 tandem
1709 2976 1770 3034 in
1813 2976 1948 3036 loco
1989 2974 2196 3056 degit?
2307 2975 2420 3035 ΕΡ.
2479 2973 2598 3034 Hic

281 3071 639 3152 jampridem
694 3069 928 3143 adsum,
985 3089 1179 3149 neque
1234 3069 1455 3128 amicos
1510 3067 1740 3129 desero.
1839 3069 2054 3131 Cnoa..
2111 3068 2598 3148 Tititititimprou.

292 3165 485 3234 Quem
530 3166 733 3244 itaque
775 3164 1015 3225 tandem
1073 3162 1323 3222 amicum
1369 3181 1696 3222 sermonem
1739 3162 1876 3222 mihi
1920 3162 2240 3224 adferens?
2321 3163 2432 3223 ΕΡ.
2476 3163 2597 3222 Ρο-

288 3258 582 3338 pularem,
630 3265 843 3327 tutum,
890 3256 1142 3336 justum,
1194 3255 1549 3336 jucundum,
1593 3256 2044 3318 conducibilem.
2131 3256 2266 3316 Duo
2293 3257 2449 3318 enim
2491 3256 2597 3316 viri

292 3351 535 3411 subtilis
564 3350 763 3428 ingeni
789 3349 905 3410 huc
936 3349 1305 3409 advenerunt
1353 3349 1431 3409 ad
1482 3369 1596 3409 me.
1683 3349 1898 3410 Grion.
1944 3349 2109 3410 Ubi?
2158 3369 2277 3429 qua
2323 3349 2596 3410 ratione?

290 3443 435 3524 quid
466 3443 711 3524 inquis?
756 3443 868 3504 ΕΡ.
896 3443 990 3502 Ab
1020 3443 1355 3504 hominibus
1382 3443 1473 3502 aio
1494 3442 1808 3503 advenisse
1829 3443 1948 3505 huc
1971 3443 2121 3503 duos
2143 3463 2318 3504 senes
2345 3464 2360 3504 ε
2390 3463 2592 3504 secum

290 3546 493 3596 autem
523 3536 811 3598 habentes
833 3536 1078 3597 veniunt
1116 3537 1371 3616 stipitem
1418 3537 1499 3597 rei
1539 3535 1906 3616 prodigialis.
1992 3536 2207 3598 cnon.
2260 3539 2315 3596 Ο
2363 3549 2449 3612 tu,
2489 3541 2594 3624 qui

294 3631 619 3691 maximum
648 3630 994 3692 commisisti
1021 3631 1329 3710 flagitium,
1356 3651 1429 3690 ex
1458 3649 1580 3710 quo
1609 3631 1882 3710 equidem
1926 3641 2101 3690 natus
2137 3651 2268 3692 sum
2308 3642 2370 3693 et
2409 3632 2592 3696 educ-

290 3733 407 3798 tus,
436 3723 585 3803 quid
608 3721 803 3784 dicis?
888 3725 1003 3784 ΕΡ.
1046 3722 1227 3792 Quod
1260 3725 1360 3784 tibi
1386 3742 1670 3798 memoro,
1711 3743 1788 3784 ne
1829 3723 1888 3782 id
1933 3724 2036 3783 tibi
2075 3723 2274 3786 adhuc
2315 3736 2594 3790 terrorem

290 3817 563 3878 incutiat.
644 3819 862 3880 Cnoa.
922 3816 1083 3887 Quid
1134 3816 1274 3876 mihi
1332 3817 1569 3878 fecisti?
1651 3817 1766 3878 ΕΡ.
1825 3817 2002 3878 Viros
2059 3817 2268 3880 admisi
2324 3831 2592 3882 amantes

290 3911 470 3993 hujus
496 3914 781 3974 consorti.
844 3913 1065 3974 Cnort.
1094 3911 1265 3972 Tune
1288 3911 1444 3972 istuc
1470 3911 1663 3972 fecisti
1689 3909 1970 3972 facinus?
2055 3911 2164 3970 ΕΡ.
2199 3913 2383 3992 quue
2411 3915 2590 3974 etiam

288 4006 509 4066 secisse
537 4005 793 4086 gaudeo.
880 4007 1095 4066 Cnoa.
1142 4005 1217 4065 Et
1235 4005 1357 4085 jam
1386 4026 1546 4066 nunc
1575 4007 1814 4066 ubinam
1839 4003 2024 4066 sunt?
2105 4005 2218 4065 ΕΡ.
2246 4005 2416 4086 Apud
2461 4027 2593 4081 nos,

292 4099 345 4158 si
370 4097 619 4178 quidem
649 4100 810 4179 apud
849 4117 957 4162 vos
1000 4118 1115 4180 ego
1156 4101 1289 4161 sim.
1377 4100 1587 4161 Onon.
1641 4099 1779 4173 Hei,
1819 4100 1948 4160 hei!
2003 4099 2220 4179 proditi
2261 4120 2488 4174 sumus,
2529 4114 2592 4162 et

288 4192 539 4254 infanda
562 4195 847 4273 perpessi.
927 4195 1044 4262 Qui
1076 4194 1231 4252 enim
1264 4193 1487 4252 amicus
1515 4202 1664 4266 erat,
1691 4205 1752 4254 et
1781 4194 1838 4252 in
1880 4193 2094 4255 iisdem
2135 4193 2348 4273 pariter
2390 4197 2591 4255 nobis·-

294 4304 427 4346 cnm
454 4287 819 4366 pascebatur
844 4287 1069 4366 campis
1100 4287 1261 4368 apud
1293 4305 1422 4359 nos,
1450 4295 1864 4367 transgressus
1919 4298 2012 4348 est
2057 4288 2326 4348 instituta
2369 4299 2600 4362 νεῖαι-8,·

292 4379 655 4461 violavitque
680 4392 1051 4442 sacramenta
1072 4380 1288 4452 avium,
1316 4389 1379 4438 et
1404 4378 1465 4437 in
1494 4378 1698 4440 dolum
1726 4401 1822 4440 me
1865 4381 2200 4455 devocavit,
2241 4381 2589 4460 insidiisque

296 4473 575 4555 exposuit
624 4472 861 4555 generis
903 4474 1089 4557 impii,
1114 4471 1297 4556 quod,
1326 4491 1399 4534 ex
1429 4492 1551 4553 quo
1597 4472 1708 4533 fuit
1743 4486 1970 4550 natum,
2013 4475 2090 4537 ad
2135 4475 2426 4556 gerendas
2465 4494 2590 4535 me-

296 4587 447 4646 cum·
460 4565 799 4632 inimicitias
824 4569 1093 4632 increvit.
1154 4567 1247 4629 De
1273 4567 1389 4630 hoc
1420 4557 1618 4631 autem
1645 4569 2027 4650 postmodum
2055 4569 2196 4631 alite
2222 4567 2588 4637 videbimus:
