3059 5059
480 343 559 407 82
1228 342 2009 408 AalsToPHAms
2415 345 2780 433 [ess-744

480 479 627 540 amsi
644 477 723 537 ad
743 476 1091 541 concionem
1113 478 1297 538 serius
1321 478 1580 537 venerit:
1605 476 1819 539 deinde
1837 478 2018 539 alium
2037 479 2354 559 quemdam
2373 498 2598 551 eorum,
2617 498 2778 560 quos

478 574 537 632 in
566 570 919 651 magistratu
949 570 1215 651 collegas
1240 570 1441 643 habet,
1463 570 1807 649 participem
1838 571 2002 644 facit,
2031 573 2084 632 si
2123 574 2262 653 quis
2289 594 2520 635 reorum
2544 572 2778 653 aliquid

480 666 750 727 dederit:
794 676 975 745 atque
1004 664 1089 724 ita
1130 665 1303 725 ambo
1332 662 1409 723 de
1436 663 1769 742 composito
1809 666 2112 744 negotium
2153 668 2445 728 conficere
2489 666 2780 728 student:

480 759 717 830 deinde,
743 760 905 819 velut
926 778 1107 839 quum
1130 776 1292 817 serra
1314 776 1542 817 rursum
1562 775 1830 837 prorsum
1851 758 2108 831 ducitur,
2125 760 2276 820 alter
2299 761 2496 835 trahit,
2513 760 2662 821 alter
2684 780 2782 819 re-

480 851 697 913 mittit:
733 863 799 912 tu
827 870 967 913 vero
994 851 1228 911 hietans
1254 858 1612 928 quaestorem
1642 850 1904 929 respicis,
1933 862 1995 911 et
2019 872 2158 931 qum
2188 866 2468 931 gerantur
2495 873 2614 914 non
2645 850 2780 912 ani-

482 944 821 1005 madvertis.
902 945 1102 1005 Prin..
1153 942 1439 1003 Hoeccine
1464 942 1606 1002 mihi
1635 943 1898 1004 faciunt!
1939 944 2036 1004 hei
2079 944 2242 1019 mihi,
2285 948 2428 1027 quid
2468 945 2665 1008 dicis?
2707 958 2780 1006 ut

480 1036 621 1096 mihi
650 1056 753 1098 cor
776 1034 1136 1117 profundum
1161 1054 1389 1109 moves,
1415 1036 1684 1115 facisque
1707 1046 1772 1095 ut
1799 1036 1992 1116 magis
2020 1037 2322 1100 advertam
2350 1040 2633 1113 animum,
2659 1058 2780 1099 nec

480 1130 605 1190 scio
626 1129 922 1209 quomodo
944 1148 1041 1189 me
1066 1127 1365 1189 adfectum
1396 1126 1635 1188 reddas.
1719 1128 1928 1189 Bnnr..
1970 1128 2192 1209 Specta
2223 1131 2421 1211 igitur,
2451 1141 2549 1204 ,ut,
2589 1152 2781 1211 quum

478 1224 583 1284 tibi
611 1236 672 1283 et
697 1214 989 1283 universis
1016 1222 1309 1283 ditescere
1334 1221 1392 1281 in
1425 1220 1672 1302 proclivi
1713 1222 1812 1293 sit,
1852 1222 2152 1283 involutus
2194 1224 2276 1283 sis
2319 1224 2521 1286 nescio
2561 1225 2783 1305 quibus

484 1316 803 1397 angustiis,
830 1319 905 1377 ab
936 1316 1087 1387 istis,
1114 1316 1217 1394 qui
1240 1314 1465 1395 populo
1486 1334 1552 1374 se
1581 1306 1818 1375 studete
1847 1314 2131 1377 simulant
2159 1334 2390 1397 semper
2418 1338 2435 1379 ε
2487 1318 2588 1397 qui
2616 1318 2784 1377 urbi-

480 1413 592 1471 bus
621 1412 888 1491 plurimis
915 1410 1209 1489 imperans
1236 1407 1375 1468 inde
1402 1427 1441 1468 a
1470 1407 1666 1468 Ponto
1693 1406 1772 1467 ad
1811 1407 2144 1469 Sardiniam
2184 1428 2396 1491 usque,
2425 1429 2546 1470 non
2587 1411 2782 1471 habes

480 1524 599 1583 quo
627 1505 858 1578 fruaris,
888 1512 1102 1583 proeter
1128 1501 1289 1563 istud
1310 1499 1473 1581 quod
1502 1501 1618 1563 fers
1645 1500 1940 1563 mercedis
1979 1502 2320 1564 minimum:
2361 1504 2542 1585 idque
2571 1522 2646 1564 ex
2687 1505 2782 1564 la-

480 1616 575 1656 nae
594 1597 847 1657 flocculo
875 1596 1167 1657 instillant
1200 1594 1532 1655 identidem
1575 1594 1678 1655 tibi
1719 1594 2029 1674 paulatim,
2071 1594 2148 1655 ad
2195 1596 2649 1657 sustentandam
2689 1596 2784 1658 vi-

479 1699 623 1763 tam,
658 1698 941 1770 tanquam
982 1689 1227 1769 pultem.
1314 1686 1646 1768 Pauperem
1685 1688 1842 1747 enim
1885 1698 1946 1749 te
1985 1708 2120 1749 esse
2160 1691 2394 1763 volunt,
2435 1690 2618 1771 idque
2657 1710 2786 1771 qua

480 1784 668 1862 gratia
706 1783 911 1855 velint,
952 1782 1147 1843 dicam
1187 1780 1335 1849 tibi:
1394 1800 1606 1862 nempe
1645 1790 1715 1841 ut
1753 1799 2086 1861 cognoscas
2129 1791 2296 1843 tuum
2339 1784 2672 1858 nutricium,
2719 1793 2788 1844 et

479 1892 663 1955 quum
694 1877 807 1937 iste
834 1885 895 1936 te
923 1876 1234 1956 instigabit
1260 1883 1321 1934 et
1348 1884 1634 1953 tanquam
1663 1892 1872 1935 canem
1901 1876 2174 1936 immittet
2193 1877 2254 1937 in
2289 1878 2626 1957 quempiam
2665 1877 2788 1936 ini-

480 1968 784 2039 minorum,
806 1968 1078 2029 ferociter
1106 1978 1170 2029 tu
1200 1967 1317 2029 illis
1347 1968 1620 2029 insultes.
1706 1968 1772 2028 Si
1805 1966 1962 2028 enirn
1991 1969 2210 2031 vellent
2253 1969 2474 2031 victum
2515 1970 2792 2049 praebere

482 2061 730 2140 popule,
754 2060 1035 2141 perfacile
1062 2061 1125 2121 id
1152 2072 1331 2124 esset.
1418 2063 1572 2121 Sunt
1593 2060 1748 2121 enim
1767 2062 1942 2123 urbes
1973 2062 2156 2136 mille,
2183 2082 2319 2142 qnoe
2355 2064 2634 2123 tributum
2677 2082 2790 2123 no-

480 2155 573 2213 bis
601 2153 953 2217 conferunt:
996 2153 1203 2217 harum
1234 2156 1284 2215 si
1312 2154 1632 2235 unicuique
1653 2154 2079 2235 injungeretur,
2107 2168 2175 2217 ut
2212 2156 2418 2235 viginti
2460 2158 2615 2217 viros
2657 2156 2792 2218 ale-

482 2259 591 2320 ret,
622 2247 831 2329 viginti
874 2248 1059 2310 millia
1100 2248 1313 2310 civium
1360 2248 1626 2309 viverent
1674 2248 1736 2306 in
1773 2250 2052 2309 omnibus
2100 2248 2350 2322 deliciis,
2400 2250 2788 2311 abundantes

484 2358 661 2401 carne
688 2341 975 2422 leporina,
1004 2344 1237 2403 coronis
1268 2342 1622 2422 omnigenis,
1643 2340 1904 2401 colostra
1931 2351 1992 2402 et
2019 2341 2270 2403 decocto
2318 2342 2494 2415 lacte,
2542 2342 2788 2422 illisque

484 2435 851 2514 perfruentes
872 2437 1091 2516 quibus
1117 2433 1301 2517 digna
1348 2446 1443 2495 est
1488 2435 1680 2516 patria
1727 2444 1957 2509 nostra,
2003 2448 2382 2517 erectumque
2425 2437 2790 2497 Marathone

486 2538 811 2608 tropaeum:
866 2547 1027 2590 nunc
1072 2540 1295 2603 autem,
1344 2540 1628 2609 tauquam
1671 2526 1985 2601 olivantes,
2033 2529 2202 2591 illum
2249 2530 2630 2604 comitamini,
2677 2530 2790 2611 qui

486 2621 815 2683 mercedem
842 2620 1162 2684 distribuit.
1243 2623 1442 2683 Prin„
1502 2620 1618 2680 Hei
1647 2620 1826 2680 mihi!
1881 2621 2025 2699 quid
2055 2620 2140 2681 ita
2167 2624 2338 2702 quasi
2375 2632 2606 2704 torpore
2649 2640 2789 2683 ma-

485 2732 599 2775 nus
624 2730 757 2776 mea
785 2716 1173 2795 perfunditur,
1200 2725 1261 2776 et
1290 2712 1558 2792 gladium
1583 2722 1786 2772 tenere
1815 2732 1933 2773 non
1963 2734 2231 2793 possum,
2261 2714 2368 2775 sed
2383 2716 2511 2795 jam
2537 2714 2793 2775 molles·-

485 2806 605 2867 co?
684 2808 889 2869 anr..
944 2808 1027 2869 At
1050 2809 1101 2868 si
1131 2805 1374 2887 quando
1394 2804 1508 2886 ipsi
1540 2805 1807 2879 timeant,
1836 2807 2120 2867 Euboeam
2141 2808 2292 2869 dant
2320 2810 2509 2883 vobis,
2543 2818 2606 2869 et
2657 2808 2792 2869 frn-

487 2901 668 2961 menti
696 2901 1046 2983 promittunt
1069 2901 1521 2980 quinquagenos
1558 2896 1790 2957 modios
1835 2916 1900 2959 se
1948 2901 2338 2979 proebiturosg
2385 2900 2530 2961 nihil
2582 2916 2792 2963 autem

490 3012 749 3073 unquam
773 2992 1087 3067 dederunt,
1112 3004 1329 3073 praeter
1356 2992 1616 3072 quinque
1639 2990 1871 3051 modios
1900 3012 2086 3071 nuper
2120 2993 2365 3063 hordei3
2411 3004 2473 3055 et
2513 2993 2623 3054 hos
2663 2994 2792 3069 vix,

487 3087 923 3167 peregrinitatis
948 3086 1309 3167 postulatus,
1337 3084 1621 3164 accepisti
1654 3104 1758 3163 per
1797 3085 2095 3147 choenices
2147 3087 2491 3167 singulatim
2537 3088 2792 3149 admen-

489 3196 611 3238 sos.
690 3178 837 3239 Ideo
862 3178 1157 3240 inclusum
1186 3198 1417 3261 semper
1438 3198 1552 3259 ego
1581 3187 1639 3237 te
1681 3177 1882 3249 habui,
1934 3178 2089 3239 alere
2132 3190 2190 3239 te
2239 3182 2509 3261 cupiens,
2557 3200 2632 3241 ne
2685 3181 2794 3243 isti

488 3270 771 3332 irrideant
800 3280 859 3331 te
886 3274 1116 3335 acerbe.
1180 3274 1257 3333 Et
1285 3290 1442 3332 nunc
1465 3281 1690 3330 certum
1711 3279 1808 3330 est
1832 3272 2094 3351 praebere
2117 3272 2222 3332 tibi
2249 3272 2538 3353 quidquid
2569 3275 2742 3334 voles
2767 3294 2788 3342 ς

488 3372 717 3423 tantum
746 3366 1061 3443 quoestoris
1088 3365 1181 3425 lac
1198 3366 1395 3426 bibere
1424 3362 1586 3424 haud
1615 3376 1674 3424 te
1717 3364 1930 3424 sinam.
2013 3364 2229 3426 Cnon.
2275 3366 2494 3446 Utique
2543 3367 2793 3448 sapiens

496 3467 644 3528 erat,
671 3457 769 3536 qui
802 3457 987 3520 dixit:
1048 3461 1415 3540 Priusquam
1441 3457 1736 3517 amborum
1763 3460 2088 3519 orationem
2114 3458 2429 3531 audiveris,
2456 3460 2792 3538 mejudica.

492 3550 645 3609 Nam
664 3562 727 3610 tu
748 3552 887 3611 mibi
910 3570 1069 3613 nunc
1088 3551 1265 3632 longe
1290 3553 1522 3612 vincere
1540 3549 1772 3611 videris.
1841 3552 2047 3629 Itaque
2066 3550 2192 3630 jam
2223 3552 2308 3610 ira
2334 3552 2535 3612 laxata
2563 3553 2794 3632 scipio-

489 3662 597 3704 nes
624 3644 854 3725 abjicio.
912 3644 1058 3719 Sed,
1086 3666 1125 3705 o
1152 3644 1399 3725 mqualis
1426 3655 1487 3704 et
1508 3642 1731 3703 sodalis
1759 3654 1980 3717 noster,
2007 3645 2368 3722 obtempera,
2393 3644 2648 3704 orationi
2675 3647 2796 3705 ob-

490 3748 769 3816 tempera,
790 3758 865 3799 ne
886 3738 1316 3819 imprudentem
1338 3750 1396 3797 te
1420 3739 1641 3818 praebe,
1659 3752 1851 3816 neque
1873 3736 2124 3815 rigidum
2151 3738 2602 3816 infractumque.
2652 3737 2794 3797 Uti-

490 3848 628 3891 nam
652 3832 789 3891 mihi
818 3832 1030 3893 adfinis
1060 3843 1165 3892 aut
1191 3842 1483 3909 cognatus
1510 3831 1722 3889 fuisset
1748 3830 1984 3910 aliquis,
2011 3830 2114 3909 qui
2142 3850 2236 3889 me
2259 3830 2404 3889 talia
2423 3831 2796 3891 monuisset!

491 3926 619 3984 Tibi
644 3937 843 3987 autem
864 3944 1021 3985 nunc
1050 3925 1293 3985 deorum
1326 3924 1540 4004 aliquis
1567 3922 1876 3983 manifeste
1905 3940 2168 4004 praesens
2200 3922 2432 4002 adjutor
2461 3933 2554 3983 est
2577 3924 2638 3982 in
2669 3923 2794 3983 hac

490 4036 575 4091 re,
598 4030 659 4078 et
684 4020 881 4098 palam
910 4019 1197 4081 beneficia
1236 4019 1299 4079 in
1326 4028 1385 4077 te
1414 4018 1666 4093 confert,
1687 4038 1824 4098 qum
1867 4028 1928 4075 tu
1971 4036 2206 4096 quoque
2247 4036 2511 4096 praesens
2554 4018 2792 4096 accipe.

493 4110 699 4174 Bnm..
722 4112 1011 4191 Equidem
1040 4112 1195 4173 alam
1236 4113 1453 4190 ipsum,
1493 4114 1763 4191 ptaebens
1805 4128 2175 4189 quoecuuque
2216 4111 2342 4169 seni
2385 4110 2790 4179 conveniuntg

488 4205 699 4267 alicam
719 4202 1085 4284 lingendum,
1106 4206 1318 4267 loenam
1341 4198 1602 4277 mollem,
1629 4206 1902 4274 lodicem,
1921 4203 2304 4272 meretricem,
2325 4222 2464 4283 quae
2483 4220 2700 4283 penem
2731 4203 2790 4262 ei

490 4299 1057 4377 fricetiumbosque.
1130 4298 1250 4359 Sed
1278 4297 1439 4376 quod
1470 4305 1650 4369 tacet,
1669 4296 1928 4376 nihilque
1955 4296 2148 4368 mutit,
2171 4296 2234 4355 id
2264 4315 2383 4355 non
2409 4307 2613 4375 potest
2641 4294 2792 4355 mihi

489 4392 745 4470 placere.
830 4392 1047 4450 Grion.
1092 4389 1252 4458 Quid
1286 4390 1396 4449 sibi
1426 4390 1722 4468 agendum
1755 4389 1852 4461 sit,
1897 4390 2024 4469 ipse
2054 4408 2213 4450 nunc
2257 4408 2458 4449 secum
2509 4400 2789 4469 reputat:

480 4486 607 4564 jam
627 4488 783 4546 enim
807 4484 1097 4563 agnoscit,
1122 4495 1404 4562 quantum
1428 4482 1766 4559 insaniebat
1783 4482 1999 4550 modo;
2027 4484 2374 4563 criminique
2393 4483 2632 4544 sibimet
2653 4484 2786 4563 ipse
