3059 5059
296 347 657 428 644-691]
1300 345 1485 434 vus
1506 347 1668 408 ΡΒ.
2519 347 2592 408 81

294 475 483 544 oculis
520 477 749 540 habeas
788 478 988 542 hodie.
1072 477 1289 538 enon.
1332 476 1586 558 Oportet
1628 487 1826 540 autem
1865 490 1924 541 te
1965 480 2316 562 omnigenos
2354 487 2592 544 nectere

292 567 491 642 dolos,
517 580 587 630 ut
612 568 907 632 elaberis:
939 571 1179 634 difficile
1209 571 1366 632 enim
1388 573 1534 632 iram
1563 591 1753 632 meam
1781 571 2030 646 mollire,
2057 573 2110 632 si
2136 572 2271 652 quis
2299 592 2338 632 a
2357 589 2592 632 rue-non

292 659 479 722 dicat.
564 662 823 724 Proinde
852 675 1019 724 tuum
1048 677 1141 724 est
1161 684 1425 745 querere
1464 664 1680 724 molam
1723 667 1942 724 bonam
1983 685 2308 746 recensque
2349 683 2590 739 emsam,

292 755 347 814 si
377 755 527 816 nihil
554 756 674 817 tale
702 756 941 829 dixeris,
968 756 1129 837 quod
1160 776 1348 818 meam
1378 756 1746 816 iracundiam
1769 757 2048 819 frendere
2067 760 2316 838 possiet.
2385 757 2594 818 Buzz-

296 847 575 910 Difficilis
608 850 881 931 equidem
906 859 999 910 est
1021 848 1209 922 labor,
1236 850 1332 911 cui
1355 848 1756 910 adhibendum
1781 851 1974 911 acrius
2017 850 2326 932 majusque
2364 849 2596 929 ingeni-

292 961 623 1021 um„quam
652 943 1029 1002 Comicorum
1056 941 1154 1016 sit,
1192 943 1458 1004 morbum
1502 961 1716 1002 sanare
1751 942 1977 1002 civitati
2017 964 2094 1004 ex
2120 945 2302 1023 longo
2331 951 2594 1022 tempore

292 1034 648 1114 ingenitum,
730 1035 875 1108 Sed,
900 1053 941 1094 ο
968 1044 1138 1116 pater
1162 1045 1365 1096 noster
1392 1035 1650 1100 Saturno
1679 1045 1943 1114 gnate-.-
2010 1035 2213 1098 Pmr..
2243 1036 2466 1098 Desine
2485 1054 2596 1117 pa-

290 1137 443 1188 trem
467 1146 947 1188 commemorare.
1026 1127 1161 1189 Nisi
1187 1129 1343 1190 enim
1375 1127 1495 1190 cito
1522 1126 1856 1190 ostenderis
1879 1147 1972 1190 me
1999 1129 2234 1198 servire,
2256 1123 2378 1188 non
2397 1137 2600 1202 est,ut

294 1230 545 1280 mortem
576 1217 851 1300 effugias,
878 1220 1114 1282 etiamsi
1150 1231 1423 1300 oporteat
1462 1239 1556 1282 me
1595 1221 1746 1282 extis
1789 1222 2107 1283 abstinere.
2191 1221 2397 1282 But-21..
2441 1220 2596 1282 Aus-

294 1313 461 1375 culta
490 1313 689 1394 modo,
720 1313 800 1374 mi
830 1312 1155 1394 patercule,
1182 1314 1484 1394 paulisper
1516 1325 1864 1394 exporrecta
1901 1317 2128 1382 frontez
2188 1324 2366 1394 atque
2405 1312 2596 1393 primo

294 1404 539 1486 quidem
566 1417 849 1486 computa
874 1407 991 1467 levi
1018 1407 1284 1486 negotio,
1311 1426 1433 1467 non
1472 1407 1746 1481 calculis,
1787 1409 1896 1470 sed
1935 1407 2164 1487 digitis,
2201 1409 2426 1467 tributa
2463 1405 2598 1466 uni·

294 1517 491 1571 versa,
518 1517 654 1579 quae
684 1500 758 1558 ab
788 1500 1033 1562 urbibus
1061 1500 1235 1560 nobis
1273 1500 1695 1562 conferuntur:
1747 1512 2038 1582 praeterea
2075 1498 2394 1578 vectigalia
2431 1515 2596 1560 seor-

294 1612 453 1666 sum,
480 1602 543 1650 et
570 1591 787 1652 multas
816 1593 952 1653 illas
980 1593 1361 1667 centesimas,
1389 1605 1698 1674 prytanea,
1725 1593 1990 1668 metalla,
2019 1594 2168 1667 fora,
2196 1602 2424 1673 portus,
2445 1611 2600 1654 mer-

292 1685 501 1758 cedes,
524 1686 843 1748 sectiones.
925 1687 1181 1747 Istorum
1209 1686 1502 1748 redituum
1530 1707 1758 1749 summa
1785 1698 1880 1748 est
1907 1686 2138 1748 circiter
2167 1686 2260 1747 bis
2301 1684 2460 1748 mille
2501 1695 2596 1747 ta·

292 1779 485 1840 lenta.
570 1777 728 1840 Hinc
759 1779 886 1860 jam
930 1799 1085 1860 pone
1126 1779 1454 1842 mercedem
1498 1799 1762 1842 annuam
1789 1780 2114 1860 judicibus,
2157 1779 2260 1859 qui
2299 1791 2444 1841 sunt
2483 1797 2598 1840 sex

294 1871 501 1940 millez
562 1889 681 1930 non
712 1873 865 1932 enim
892 1873 1093 1952 plures
1124 1873 1183 1932 in
1210 1873 1323 1934 bac
1364 1874 1507 1934 urbe
1549 1873 1873 1934 habitatis:
1923 1872 2148 1934 cedunt
2187 1871 2388 1950 itaque
2427 1870 2596 1934 vobis

291 1975 538 2026 centum
564 1975 628 2024 et
651 1966 1085 2046 quinquaginta
1104 1965 1351 2028 talenta.
1395 1965 1594 2030 Pmr..
1631 1964 1724 2040 Ne
1752 1965 1993 2045 quidem
2023 1964 2423 2043 decimapars
2449 1983 2596 2044 ergo

294 2059 471 2120 nobis
510 2060 569 2120 in
612 2059 941 2120 mercedem
984 2058 1169 2123 cedit.
1252 2059 1457 2120 Enni„
1502 2060 1640 2119 Non
1680 2059 1899 2122 hercle.
1986 2057 2106 2119 Sed
2147 2075 2429 2136 quorsum
2471 2056 2598 2118 abit

290 2151 523 2232 reliqua
550 2151 852 2232 pecunia?
936 2152 1134 2214 Pnu..
1194 2152 1291 2214 Ad
1320 2172 1423 2212 eos
1451 2154 1554 2233 qui
1585 2173 1814 2234 semper
1850 2152 1982 2214 haec
2023 2153 2202 2214 verba
2243 2151 2304 2212 in
2345 2169 2446 2211 ore
2485 2150 2598 2212 ha-

290 2245 479 2306 bent:
526 2247 844 2327 Nunquam
863 2246 1119 2327 prodam
1148 2245 1603 2308 Atheniensium
1629 2247 1925 2308 colluviem
1942 2267 1966 2315 ,⁰
2014 2265 2207 2306 verum
2219 2264 2340 2325 pro
2363 2245 2596 2324 Populi

292 2337 568 2400 libertate
588 2338 875 2420 pugnabo
904 2358 1147 2420 semper.
1208 2339 1415 2400 Bmu„
1438 2339 1529 2400 Tu
1557 2340 1737 2413 enim,
1762 2359 1800 2400 o
1829 2349 2018 2419 pater,
2045 2339 2208 2420 ipsos
2239 2338 2346 2399 tibi
2367 2337 2600 2400 adscis-

291 2429 379 2490 cis
404 2429 703 2503 dominos,
732 2433 1021 2513 speciosis
1048 2431 1171 2494 illis
1198 2432 1372 2493 dictis
1416 2431 1726 2512 deceptus.
1811 2431 2046 2495 Deinde
2085 2432 2190 2492 isti
2231 2432 2598 2512 quinquage-

290 2542 507 2584 norum
532 2524 817 2585 talentum
848 2545 1093 2588 munera
1120 2527 1195 2587 ab
1224 2526 1469 2588 urbibus
1494 2536 1869 2607 extorquent,
1896 2525 2236 2606 hujusmodi
2263 2525 2436 2588 minis
2479 2536 2598 2587 ter·-

284 2634 480 2677 rorem
525 2617 913 2680 incutientes:
970 2619 1095 2681 Aut
1134 2618 1427 2681 tributum
1467 2619 1710 2692 dabitis,
1758 2628 1866 2680 aut
1917 2640 2028 2702 ego
2069 2622 2350 2682 intonans
2395 2619 2598 2681 urben

288 2705 545 2772 &sutram
572 2719 841 2774 evertam.
883 2713 973 2772 Tu
992 2731 1129 2773 vero
1158 2722 1476 2772 contentus
1505 2730 1594 2782 es,
1621 2712 1672 2772 si
1694 2711 1899 2791 imperi
1927 2712 2012 2772 tui
2041 2712 2374 2792 rejectanea
2394 2710 2594 2774 rodas.

294 2803 455 2863 Socii
484 2813 685 2864 autem
716 2805 899 2866 nostri
929 2817 997 2866 ut
1023 2814 1339 2868 senserunt
1366 2802 1652 2882 reliquam
1682 2805 1914 2864 turbam
1941 2823 1976 2864 e
2015 2805 2218 2883 pbimo
2261 2804 2495 2864 sorbere
2535 2813 2600 2864 et

292 2895 608 2956 comedere
630 2917 725 2958 res
753 2898 939 2969 nihili,
971 2908 1030 2958 te
1058 2896 1297 2976 quidem
1324 2897 1548 2956 habent
1573 2914 1680 2976 pro
1710 2896 1906 2958 Conni
1933 2895 2206 2958 calculo:
2237 2897 2367 2958 istis
2395 2905 2596 2958 autem

292 2988 577 3050 adferunt
604 3009 872 3061 munera,
903 2990 1393 3052 salsamentorum
1414 3009 1609 3063 orcas,
1634 2989 1856 3064 vinum,
1879 2997 2134 3070 tapetes,
2161 3007 2424 3065 caseum,
2453 2991 2596 3065 mel,

292 3103 555 3156 sesama,
596 3083 949 3163 pulvinaria,
988 3083 1246 3164 phialas,
1282 3083 1494 3155 loenas,
1539 3102 1812 3156 coronas,
1853 3095 2116 3163 torques,
2159 3083 2396 3164 pocula,
2446 3101 2594 3164 opes

292 3196 428 3238 cum
460 3175 741 3238 sanitate.
826 3177 1053 3246 Quibus
1082 3189 1279 3237 autem
1310 3187 1377 3236 tu
1405 3177 1659 3257 imperas
1698 3187 1836 3257 post
1875 3176 2092 3237 multos
2135 3185 2289 3238 terra
2329 3179 2596 3260 marique

296 3269 643 3332 exantlatos
684 3269 946 3344 labores,
974 3288 1177 3330 eorum
1216 3270 1319 3330 tibi
1348 3290 1521 3330 nemo
1565 3289 1639 3330 ne
1668 3280 1850 3350 caput
1887 3269 2125 3348 quidem
2167 3269 2290 3330 allii
2329 3271 2408 3332 ad
2449 3291 2596 3333 con-

294 3361 899 3442 diendos·pisciculos
951 3362 1075 3424 dat.
1159 3363 1361 3424 Prin..
1404 3363 1544 3423 Non
1571 3362 1809 3424 hercle:
1855 3361 1960 3424 sed
1989 3364 2118 3442 ipse
2145 3373 2264 3424 tres
2313 3363 2440 3425 allii
2463 3363 2596 3426 bul-

292 3457 409 3530 bos
437 3455 515 3514 ab
564 3455 900 3516 Eucharidn
928 3456 1031 3536 qui
1060 3468 1284 3536 peteret
1312 3457 1461 3517 misi.
1546 3457 1629 3516 At
1655 3455 1900 3516 odiosus
1929 3475 2016 3526 es,
2046 3456 2220 3516 istam
2251 3458 2593 3520 servitutem

294 3550 793 3628 omittens,quam
815 3551 953 3610 mihi
976 3549 1487 3611 demonstraturus
1508 3569 1662 3610 eras.
1705 3549 1914 3610 anL.
1945 3549 2159 3610 Nonne
2177 3569 2316 3612 vero
2335 3551 2590 3614 servitus

294 3663 519 3722 magna
546 3654 664 3715 est,
690 3663 873 3722 quum
914 3663 1117 3704 omnes
1160 3644 1255 3704 isti
1297 3643 1679 3723 magistratus
1721 3653 2014 3721 gerentes,
2043 3650 2106 3702 et
2139 3640 2272 3721 ipsi,
2299 3654 2361 3703 et
2385 3663 2592 3706 eorum

296 3743 727 3809 assentatores,
746 3736 1047 3798 mercedes
1076 3737 1411 3817 accipiunt:
1453 3747 1517 3798 tu
1544 3755 1704 3809 vere,
1733 3735 1784 3795 si
1811 3735 1944 3815 quis
1975 3734 2074 3794 tibi
2101 3745 2218 3796 tres
2239 3736 2445 3798 obolos
2467 3733 2592 3810 det,

295 3839 621 3890 contentus
651 3848 739 3900 es,
766 3849 916 3908 quos
944 3830 1073 3911 ipse
1090 3829 1433 3910 remigando
1454 3840 1515 3890 et
1545 3829 1914 3890 terrestribus
1933 3827 2150 3907 praeliis
2169 3828 2591 3911 depugnando,

298 3931 362 3984 et
386 3924 568 3982 urbes
597 3921 929 3982 obsidendo
954 3925 1278 4004 quaesieras
1309 3921 1495 3984 multo
1536 3919 1782 3984 labore?
1819 3921 1906 3986 ‚Et
1944 3931 2254 4001 praterea,
2291 3923 2454 4003 quod
2495 3943 2592 3984 me

296 4015 361 4077 in
387 4014 599 4098 primis
618 4018 940 4088 excruciat,
968 4017 1160 4076 alieno
1178 4017 1355 4096 jussu
1381 4016 1670 4080 adfurum
1695 4017 1777 4076 ire
1805 4015 2058 4094 cogeris,
2085 4015 2327 4095 quando
2349 4017 2594 4080 domum

298 4119 465 4172 tuam
492 4109 799 4188 ingressus
826 4109 1160 4188 impudicus
1191 4109 1694 4184 adolescentulus,
1723 4109 1988 4176 Choereoe
2025 4109 2204 4182 filius,
2245 4109 2334 4170 sic
2375 4110 2592 4172 divari-

298 4199 450 4262 catis
479 4201 747 4260 cruribus
770 4212 963 4274 stans,
990 4201 1209 4264 lascivo
1237 4216 1298 4263 et
1326 4204 1401 4263 ad
1422 4204 1722 4266 mollitiem
1752 4201 2082 4282 composito
2108 4213 2304 4282 gestu,
2329 4203 2434 4265 tibi
2461 4204 2588 4266 edi-

298 4294 403 4366 cit,
430 4303 500 4353 ut
528 4313 761 4354 summo
795 4313 967 4356 mane
1012 4307 1073 4358 et
1112 4297 1456 4378 tempestive
1489 4296 1864 4379 judicaturus
1906 4287 2030 4365 eas.
2072 4296 2211 4374 quia
2249 4296 2588 4376 quicunque

296 4396 562 4446 vestrum
591 4397 727 4465 post
754 4386 959 4450 datum
989 4389 1223 4470 signum
1249 4391 1494 4464 venerit,
1523 4390 1836 4452 triobolum
1866 4408 1984 4449 non
2015 4389 2283 4468 accipiet.
2350 4392 2460 4452 Ille
2489 4407 2609 4450 ve·.

294 4497 363 4539 ro
388 4478 861 4633 quiqreipuiilzcee
894 4481 1000 4547 dat
1021 4503 1282 4564 operam,
1311 4505 1417 4565 pro
1458 4481 1788 4566 patrocinio
1829 4481 2168 4546 drachmam
2213 4483 2446 4634 accipilt,
2477 4481 2588 4544 eti·

530 4573 665 4633 rist.
793 4581 841 4638 t.
