3059 5059
269 338 702 416 loss-1171]
1064 343 1072 348 ·
1179 337 1663 407 EQU-I'I'ES.
2500 335 2587 397 :39

258 467 386 528 lum
411 463 728 530 infundere
755 486 902 547 opes
929 469 1360 531 ‹st-sanitatem.
1409 471 1488 530 ls.
1525 467 1655 550 Ego
1678 469 1877 542 etiarn,
1900 463 1983 530 ita
2001 486 2094 529 me
2121 459 2361 548 Jupiter
2380 478 2537 528 amet
2555 487 2593 536 ς’

259 562 486 640 quippe
515 560 656 621 mibi
675 561 988 622 videbatur
1015 562 1148 644 ipsa
1167 563 1300 623 Dea
1319 583 1396 622 ex
1416 581 1553 623 arce
1578 560 1965 635 descendere,
1986 563 2160 642 eique
2190 575 2409 624 noctua
2436 563 2583 623 insi·

261 653 428 726 dere,
453 654 674 716 deinde
701 654 910 732 majori
941 675 974 715 e
1003 655 1191 716 calice
1216 654 1537 716 infundere
1567 655 1871 734 utriusque
1901 656 1960 715 in
1990 665 2191 735 caput,
2239 666 2407 715 tuum
2448 655 2585 734 qui·

262 746 426 818 dem,
451 747 840 819 ambrosiam,
871 747 1048 827 hujus
1073 758 1294 822 autem,
1324 749 1569 809 muriam
1598 747 1885 810 alliatam.
1928 749 2105 809 Dan.
2142 749 2229 821 Iu,
2258 749 2318 809 iu
2346 753 2361 807 l
2406 766 2591 808 nemo

261 839 534 919 profecto
561 851 692 900 erat
723 836 986 900 Gla'nide
1013 841 1359 921 sapientior.
1404 840 1567 910 Quin
1596 851 1817 900 memet
1856 841 1965 900 tibi
2008 833 2448 914 corrmitto,'ut
2486 860 2585 900 se·

265 952 404 994 nem
443 951 541 992 me
577 952 772 1004 cures,
815 945 878 993 et
916 934 1091 1014 quasi
1131 952 1381 1013 puerum
1425 933 1625 994 denuo
1667 931 1945 995 edoceaS.
2028 934 2230 994 CLno.
2273 932 2581 1003 Nondum,

262 1027 519 1087 obsecro
542 1036 624 1100 te,
651 1025 761 1086 sed
793 1039 1119 1106 exspecta:
1165 1046 1302 1086 nam
1327 1024 1557 1086 hordea
1582 1025 1689 1086 tibi
1731 1027 2011 1106 proebebo
2040 1037 2102 1086 et
2126 1026 2347 1086 victum
2382 1026 2583 1106 quoti-

267 1117 388 1180 die.
475 1117 658 1178 Dan.
703 1119 1080 1180 Hordeorum
1108 1119 1472 1180 mentionem
1513 1117 1765 1179 sufferre
1804 1137 2067 1198 nequeo.
2146 1121 2321 1201 Saepe
2363 1121 2581 1201 decep-

267 1223 366 1272 tus
395 1230 532 1271 sum
564 1230 601 1271 a
629 1224 690 1272 te
719 1222 783 1272 et
809 1231 848 1272 a
874 1211 1261 1292 Theophane.
1349 1211 1549 1272 Cnno.
1595 1213 1785 1272 Immo
1812 1213 2063 1273 farinam
2107 1211 2213 1273 tibi
2240 1212 2400 1273 dabo
2430 1233 2583 1292 prae-

267 1312 560 1385 paratam.
645 1304 730 1364 Is.
776 1305 906 1383 Ego
947 1324 1088 1364 vero
1136 1323 1352 1383 parvas
1392 1323 1585 1365 mazas
1622 1304 1751 1384 jam
1792 1304 1983 1385 pistas
2024 1315 2087 1365 et
2121 1305 2317 1385 pisces
2348 1315 2579 1365 tostos:

269 1397 413 1458 nihil
443 1397 729 1468 obstabit,
758 1397 900 1477 quin
934 1397 1093 1457 illico
1121 1397 1290 1458 edas.
1334 1397 1514 1458 Dan.
1539 1396 1865 1478 Properate
1890 1398 2069 1477 igitur
2087 1399 2390 1477 perficere,
2418 1395 2583 1476 quod

269 1489 473 1550 vultis.
559 1489 708 1551 Uter
735 1491 892 1550 euim
923 1497 1184 1550 vestrum
1227 1488 1370 1549 mihi
1411 1490 1549 1568 plus
1590 1490 1974 1563 benefecerit,
2014 1489 2154 1550 huic
2194 1509 2312 1570 ego
2351 1488 2603 1550 tradam-

267 1581 538 1644 babenas
568 1581 816 1662 Pnycis.
900 1582 1102 1642 Caso.
1145 1582 1394 1642 Curram
1423 1581 1625 1661 itaque
1646 1583 1771 1662 jam
1801 1585 1980 1663 prior.
2066 1583 2146 1642 Is.
2184 1577 2322 1642 Non
2352 1591 2421 1642 tu
2446 1581 2597 1643 her--

271 1674 388 1748 cle,
415 1673 526 1736 sed
547 1694 686 1754 ego.
768 1675 988 1738 Cana.
1033 1675 1088 1732 Ο
1130 1676 1341 1748 Deme,
1382 1675 1737 1754 praeclarum
1780 1675 1985 1754 utique
2026 1674 2211 1736 habes
2251 1675 2603 1755 imperium,:

271 1767 761 1848 quandoquidem
786 1786 995 1829 omnes
1029 1767 1299 1829 homines
1331 1776 1607 1828 metuunt
1633 1777 1716 1841 te,
1746 1776 2051 1846 tanquam.
2076 1778 2387 1848 tyrannum
2414 1789 2429 1828 ε
2474 1769 2585 1830 sed

273 1861 512 1926 mobilis
540 1881 629 1934 es,
661 1871 726 1922 et
770 1861 822 1920 si
868 1861 1002 1941 quis
1051 1860 1161 1920 tibi
1205 1859 1504 1931 aduletur,
1534 1869 1713 1939 teque
1756 1859 2035 1940 decipiat,
2078 1859 2413 1922 delectare:
2456 1873 2583 1921 tum

271 1955 452 2016 etiam
483 1965 775 2018 oratorem
805 1955 1042 2033 semper
1067 1971 1169 2016 ore
1196 1953 1710 2033 hiantespectas:
1748 1972 1917 2014 mens
1946 1963 2143 2014 autem
2173 1964 2279 2026 tua
2316 1972 2583 2034 proesens

273 2059 370 2114 est
398 2051 641 2110 absens.
722 2047 902 2108 Dan.
949 2045 1127 2106 Mens
1153 2046 1454 2107 non'inest
1479 2046 1667 2106 comis
1698 2046 1927 2120 vestris,
1958 2046 2007 2106 si
2036 2065 2131 2106 me
2170 2045 2333 2109 haud
2374 2065 2601 2126 sapere-

273 2141 653 2206 existimatis.
699 2140 782 2199 At
808 2159 922 2218 ego
947 2137 1033 2199 sic
1054 2137 1284 2217 desipio
1309 2137 1490 2199 ultro.
1536 2138 1691 2199 Nam
1714 2138 1829 2218 ipsi
1855 2139 2000 2199 mihi
2024 2139 2297 2218 voluptas
2321 2147 2415 2199 est
2432 2139 2585 2219 poti-

273 2247 406 2296 tare
427 2233 488 2294 in
511 2232 672 2304 dies;
703 2243 766 2293 et
783 2252 968 2292 unum
993 2233 1150 2292 alere
1167 2231 1304 2292 volo
1323 2230 1583 2292 furacem
1602 2230 1952 2311 praeside‘m:
1981 2233 2143 2291 hunc
2166 2241 2589 2310 autem‚quan·

275 2327 362 2390 do
381 2327 669 2408 oppletus
699 2335 816 2399 est,
845 2325 1142 2387 sublatum
1169 2333 1476 2404 percutere
1503 2322 1690 2385 soleo.
1766 2324 1991 2385 Cnom
2016 2324 2207 2386 Recte
2234 2324 2473 2405 quidam
2500 2325 2597 2386 sic'

276 2419 515 2493 feceris,
545 2419 596 2480 si
625 2420 753 2493 tibi,
775 2429 843 2479 ut
865 2419 1038 2490 dicis,
1061 2415 1378 2497 prudentia
1407 2416 1567 2476 inest
1592 2417 1651 2476 in
1679 2417 1797 2477 isto
1824 2436 1983 2478 more
2008 2428 2129 2478 tam
2150 2417 2372 2478 multa:
2404 2418 2457 2477 si
2477 2416 2591 2480 hos

279 2516 430 2578 data
447 2533 650 2593 opera,
667 2519 950 2593 tanquam
977 2508 1246 2589 publicas
1262 2508 1555 2582 victimas,
1575 2505 1687 2570 iilis
1708 2511 1765 2570 in
1786 2511 1988 2590 Pnyce
2010 2529 2027 2570 ε
2058 2508 2273 2571 deinde
2295 2508 2593 2589 siquando

279 2608 390 2670 tibi
411 2607 571 2668 desit
589 2603 1156 2677 obsonium‚.horum
1184 2601 1440 2682 aliquem
1468 2603 1573 2682 qui
1602 2603 1843 2684 pinguis
1863 2604 1961 2677 sit,
1980 2615 2209 2665 mactas
2225 2613 2287 2664 et
2302 2601 2591 2665 comedis.

283 2702 468 2762 Dan.
499 2701 802 2783 spectate,
829 2717 905 2758 au
934 2696 1148 2757 callide
1177 2695 1325 2756 istos
1349 2697 1828 2770 circumveniam,
1838 2697 1947 2778 qui
1970 2718 2035 2758 se
2053 2717 2259 2780 sapere
2277 2707 2511 2778 putant,
2531 2708 2593 2760 et

285 2813 382 2854 me
411 2791 640 2854 fallere.
715 2789 962 2870 Quippe
992 2790 1158 2870 ipsos
1195 2808 1428 2869 semper
1455 2791 1730 2864 observo,
1770 2809 1898 2863 eos,
1936 2811 2122 2872 quum
2164 2793 2454 2863 furantur,
2494 2810 2593 2850 me

282 2885 485 2948 videre
514 2882 938 2946 dissimulans:
981 2880 1200 2944 deinde
1241 2885 1620 2962 quoecun'que
1649 2885 1725 2944 de
1759 2884 1909 2944 meis
1948 2884 2127 2944 furati
2168 2883 2406 2958 fuerint,
2434 2902 2593 2964 cogo

285 2999 392 3042 eos
415 2996 942 3050 rursusevomere,
967 2995 1200 3037 camum
1227 2975 1318 3035 eis
1346 2995 1454 3055 pro
1483 2976 1733 3056 specillo
1762 2976 1821 3035 in
1848 2985 2057 3056 guttur
2084 2976 2439 3038 immittens«

317 3129 324 3136 .
367 3072 570 3132 Cano.
610 3069 726 3132 Abi
755 3069 895 3128 hinc
923 3069 982 3128 in
1026 3068 1346 3131 maximam
1389 3068 1607 3128 malam
1650 3087 1910 3131 crucem.
1993 3069 2078 3132 Is.
2120 3069 2211 3131 Tu
2248 3070 2513 3149 quidem,
2552 3091 2595 3132 o

287 3163 543 3245 perdite.
583 3162 824 3224 ,Cum
866 3162 921 3219 Ο
967 3160 1178 3222 Deme.
1265 3159 1397 3239 Ego
1445 3161 1687 3240 quidem
1738 3163 1982 3244 paratus
2026 3161 2340 3223 terdudum
2386 3163 2607 3238 sedem·

287 3257 538 3337 cupiens
563 3255 668 3316 tibi
695 3254 1069 3316 benefacere.
1155 3255 1238 3316 Is.
1287 3251 1420 3334 Ego
1448 3273 1590 3314 vero
1632 3254 1835 3316 decies
1878 3254 2129 3327 dudum,
2170 3265 2231 3316 et
2270 3253 2607 3316 duodecies«

289 3348 544 3420 dudum,
569 3359 634 3410 et
659 3347 874 3409 millies
923 3346 1254 3422 «inclamet
1279 3357 1459 3408 antea
1499 3346 1749 3420 dudum,
1793 3346 2042 3419 dudum,
2084 3345 2330 3408 dudum.
2414 3347 2595 3410 Dan.

289 3441 420 3520 Ego
446 3459 589 3501 vero
619 3451 976 3520 exspectans
1005 3441 1206 3502 tricies
1232 3440 1444 3500 millies
1471 3439 1701 3500 dudum
1726 3457 2004 3500 exsecror
2029 3458 2159 3511 vos,
2194 3451 2257 3500 et
2283 3448 2463 3500 antea
2483 3440 2601 3501 du·

289 3534 458 3608 dum,
486 3533 736 3605 dudum,
765 3533 1014 3594 dudum.
1102 3534 1182 3596 Is.
1227 3533 1389 3595 Scin’
1416 3552 1559 3613 ergo
1586 3532 1729 3611 quid
1769 3533 1998 3593 facias.
1978 3532 2003 3576 ?
2086 3533 2266 3592 Dur.
2308 3532 2372 3591 Si
2397 3534 2597 3594 nesci-

291 3645 408 3700 am,
431 3639 500 3686 tu
530 3625 594 3687 id
622 3624 763 3686 mihi
783 3625 968 3688 dices.
1057 3626 1140 3687 Is.
1181 3628 1340 3688 Jube
1369 3646 1462 3686 me
1491 3626 1665 3686 simul
1696 3635 1757 3687 et
1786 3626 1988 3698 istum,
2015 3635 2301 3706 tanquam
2330 3645 2367 3686 a
2390 3645 2601 3687 carce-

287 3722 458 3790 ribus
478 3720 720 3792 missos,
750 3738 824 3780 ex
849 3738 1024 3798 aequo
1057 3719 1157 3780 tibi
1179 3719 1554 3780 benefacere.
1643 3720 1822 3780 Dim.
1854 3719 1987 3779 Hoc
1992 3738 2193 3800 agere
2218 3738 2313 3779 me
2352 3738 2459 3798 par
2484 3730 2603 3780 est.

291 3811 643 3874 Abscedite.
729 3813 812 3874 Is.
857 3809 1036 3874 Ecce.
1123 3812 1306 3872 Dan.
1355 3812 1591 3873 Currite
1630 3813 1778 3892 jam.
1863 3813 2066 3874 Cmto.
2116 3811 2389 3872 Subverti
2436 3811 2613 3873 haut}

293 3927 386 3974 me
409 3906 629 3969 sinam.
712 3904 894 3966 Dan.
939 3899 1218 3970 Profecto
1239 3907 1454 3968 beatus
1495 3923 1599 3965 ero
1639 3904 1860 3986 oppido
1885 3904 2081 3964 hodie
2122 3915 2449 3966 amatorum
2491 3904 2603 3965 ho-

293 4019 423 4064 rum
451 4009 657 4078 opera3
685 3999 802 4060 nisi
828 3998 1075 4060 delicias
1105 3998 1347 4061 faciam.
1415 3997 1617 4058 Cnno.
1642 3997 1909 4058 'Viden’'
1890 4043 1902 4055 .
1950 4016 2063 4076 ego
2091 3995 2199 4056 tibi
2226 3997 2387 4078 prior
2412 3999 2599 4060 extuli

293 4091 504 4164 sellam
531 4091 711 4152 hane.
797 4091 882 4154 Is.
923 4091 1009 4152 At
1033 4112 1154 4153 non
1182 4112 1452 4154 mensam
1482 4102 1547 4154 tu
1572 4112 1587 4153 :
1634 4111 1834 4152 verum
1860 4110 1975 4170 ego
2002 4089 2193 4153 multo
2218 4090 2375 4170 prior
2393 4092 2611 4152 extuli..

297 4183 495 4246 emo.
539 4184 702 4244 Ecce
731 4204 845 4263 ego
876 4185 1000 4245 fero
1029 4186 1138 4248 tibi
1163 4185 1322 4248 hanc
1349 4205 1593 4265 parvam
1623 4203 1872 4258 mazam,
1902 4204 1976 4244 ex
2018 4183 2171 4242 farre
2212 4182 2315 4243 illo
2358 4184 2597 4264 piatam,

295 4276 458 4356 qnod
485 4297 561 4337 ex
589 4276 745 4358 Pylo
773 4277 990 4340 adtuli.
1071 4279 1152 4340 Is.
1195 4278 1328 4357 Ego
1357 4299 1498 4339 vero
1539 4277 1689 4338 offas
1730 4278 1925 4358 panis,
1957 4295 2109 4357 quas
2135 4277 2444 4339 excavavit
2469 4277 2605 4357 ipsa

300 4369 431 4430 Dea
461 4389 644 4431 manu
685 4370 970 4431 eburnea.
1056 4371 1234 4432 Dan.
1279 4372 1474 4440 Quam
1517 4389 1801 4450 magnum
1840 4389 1984 4450 ergo
2026 4369 2275 4450 digitum
2319 4369 2523 4441 habes,
2564 4389 2603 4429 o

295 4458 638 4556 veneranda
667 4469 682 4522 ἱ
767 4463 972 4526 Cano.
1015 4464 1146 4544 Ego
1174 4483 1310 4526 vero
1338 4485 1372 4527 e
1399 4464 1545 4546 pisis
1572 4463 1797 4543 pultem
1824 4463 1967 4524 boni
2008 4463 2225 4524 coloris
2262 4472 2321 4525 et
2366 4466 2612 4536 bonam‚’
