3059 5059
382 387 426 444 2
833 413 840 418 ·
1123 383 1943 446 ARISTOPHANIS
2436 387 2709 466 [29-89

381 533 616 594 semper
642 512 866 621 primus
911 515 969 576 in
1013 512 1362 576 concionem
1395 513 1639 574 veniens
1670 512 1893 574 sedeo.
1876 531 1892 548 ·
1937 510 2161 573 deinde
2196 531 2382 594 quum
2410 513 2511 575 hic
2540 513 2708 576 solus

381 625 536 678 sum,
567 606 916 686 ingemisco,
944 608 1128 680 hieto,
1153 605 1527 687 pandiculor,
1550 605 1729 687 pedo,
1750 604 1969 667 dubius
1998 605 2236 680 hoesito,
2260 607 2479 668 baculo
2514 608 2705 668 solum

383 699 782 772 conscribillo,
813 701 967 802 pilos
997 700 1138 760 mihi
1169 699 1384 773 evello,
1425 709 1733 782 computo,
1766 719 1865 760 rus
1898 709 2203 778 spectans,
2228 700 2397 780 pacis
2426 697 2705 782 cupidus,

379 795 586 852 urbem
616 813 856 868 exosus,
887 813 1106 876 pagum
1155 803 1356 852 autem
1415 811 1613 852 meum
1663 788 2035 864 desiderans,
2062 791 2162 870 qui
2218 792 2361 852 mihi
2402 812 2707 872 nunquam

380 885 553 960 dixit,
573 887 864 948 Carbones
887 907 1021 959 ente,
1045 905 1158 947 nec
1185 893 1434 956 acetum,
1463 905 1577 946 nec
1600 883 1833 952 oleum,-
1861 900 1972 944 nec
2002 894 2176 944 norat
2198 883 2349 944 illud
2380 906 2519 947 eme.
2584 885 2707 946 Sed

379 976 507 1059 ipse
533 981 734 1042 omnia
779 982 1026 1054 ferebat,
1076 991 1138 1040 et
1181 980 1390 1038 aberat
1433 976 1619 1048 istud,
1678 975 1840 1057 quod
1888 976 2029 1036 mihi
2085 995 2188 1036 cor
2234 977 2518 1052 dissecat,
2568 999 2705 1040 eme.

383 1073 784 1154 Nuncitaque
814 1075 1030 1136 adveni
1069 1073 1248 1154 plane
1277 1080 1528 1152 paratus
1558 1070 1843 1143 clamare,
1860 1070 2133 1158 obloqui,
2164 1071 2481 1132 conviciari
2506 1081 2703 1132 orato-

380 1187 498 1238 res,
525 1167 575 1226 si
606 1168 738 1247 quis
771 1167 933 1229 aliud
963 1186 1140 1248 quam
1168 1164 1244 1225 de
1275 1183 1426 1246 pace
1455 1163 1637 1226 dicat.
1722 1163 1846 1223 Sed
1872 1182 2049 1224 eccos
2064 1163 2192 1244 jam
2205 1163 2509 1245 Prytanes
2532 1165 2703 1224 meri-

381 1259 481 1320 die
512 1257 925 1321 advenientes.
1009 1259 1228 1320 Nonne
1257 1257 1579 1320 dicebam.
1558 1256 1584 1300 7
1624 1256 1741 1318 hoc
1780 1253 1930 1318 illud
1958 1265 2075 1329 est,
2106 1255 2267 1336 quod
2298 1257 2703 1330 autumabam,

377 1353 438 1412 in
491 1352 681 1432 prima
711 1353 996 1414 subsellia
1043 1371 1110 1413 se
1159 1353 1412 1432 quisque
1460 1349 1731 1411 intrudit.
1814 1349 2033 1410 Pnaec.
2075 1347 2391 1410 Procedite
2432 1349 2703 1424 ulterius,

377 1445 707 1528 procedite,
765 1459 832 1508 ut
881 1449 1038 1508 intra
1077 1445 1396 1506 lustratum
1439 1443 1571 1504 sitis
1613 1441 1835 1504 locum.
1946 1443 2174 1502 Auru.
2216 1441 2433 1503 ,Iamne
2488 1441 2703 1522 aliquis

377 1537 576 1600 dixit?
659 1539 878 1602 Pane.
937 1539 1087 1608 Quis
1143 1539 1326 1599 verba
1387 1537 1581 1596 facere
1634 1533 1805 1596 vult?
1916 1534 2145 1596 Auru.
2220 1535 2373 1616 Ego.
2484 1535 2705 1598 Pane.

379 1631 532 1702 Quis
552 1641 615 1692 tu
647 1631 756 1692 es?
837 1632 1064 1692 Aur-11.
1087 1627 1501 1710 Amphitheus.
1572 1627 1794 1689 Pnaec.
1838 1627 1976 1687 Non
1998 1627 2178 1688 homo
2200 1626 2229 1686 ’ἶ
2270 1627 2496 1689 Auru.
2522 1629 2658 1688 Non
2684 1651 2701 1691 z

377 1724 490 1785 sed
517 1724 886 1784 immortalis.
933 1725 1086 1785 Nam
1119 1721 1516 1803 Amphitheus
1547 1730 1679 1782 erat
1704 1721 1941 1780 Cereris
1960 1731 2023 1782 et
2040 1719 2385 1802 Triptolemi
2414 1719 2606 1790 filiun
2630 1742 2705 1782 ex

381 1817 488 1877 illo
519 1818 738 1877 Celeus
765 1817 1065 1878 nascitur:
1111 1815 1333 1876 Celeus
1364 1825 1563 1876 autem
1590 1833 1829 1875 uxorem
1860 1813 2031 1873 duxit
2056 1811 2471 1874 Phoenaretam
2511 1815 2703 1876 aviam

375 1929 592 1983 meam,
613 1929 687 1970 ex
717 1929 834 1990 qua
873 1911 1132 1991 Lycinus
1181 1920 1358 1969 natus
1401 1919 1515 1982 est,
1545 1909 1649 1989 qui
1690 1928 1785 1968 me
1818 1907 2207 1968 immortalem
2246 1909 2474 1988 genuit.
2551 1909 2703 1970 Mihi

375 2021 517 2064 vero
557 2003 669 2063 soli
711 2004 1108 2083 permiserunt
1155 2001 1236 2062 dii
1288 1999 1561 2062 inducias
1600 2001 1827 2083 pacisci
1870 2021 2005 2060 cum
2048 2000 2539 2063 Lacedaemoniis.
2622 2004 2705 2064 At
2762 2011 2773 2018 ”

378 2114 495 2175 ego
516 2093 864 2156 immortalis
896 2097 998 2176 qui
1029 2115 1182 2168 sum,
1206 2115 1243 2154 o
1273 2095 1474 2168 amici,
1505 2094 1783 2155 viaticum
1808 2113 1927 2152 non
1956 2092 2151 2154 habeo
2176 2111 2193 2153 ε
2236 2113 2355 2155 non
2382 2095 2539 2156 enim
2562 2096 2703 2156 mihi

379 2189 832 2249 subministrant
859 2190 1174 2266 Prytanes.
1241 2185 1456 2249 Pane.
1489 2187 1621 2247 Eho
1650 2187 1970 2249 lictores—
2000 2186 2229 2249 Auru.
2262 2187 2317 2248 O
2346 2187 2702 2270 Triptoleme

379 2295 442 2342 et
471 2282 677 2354 Celee,
707 2302 878 2343 mene
910 2283 1094 2362 abripi
1125 2280 1472 2362 patiemini?
1556 2281 1709 2342 Drc.
1754 2280 1809 2338 O
1850 2279 2168 2361 Prytanes,
2208 2280 2478 2361 injuriam
2508 2283 2715 2345 facitis·

379 2387 750 2456 congregato
779 2375 1024 2458 populo,
1068 2395 1252 2455 quum
1299 2373 1461 2436 hunc
1510 2374 1701 2436 virum
1752 2371 1965 2434 abduci
2003 2373 2255 2453 jubetis,
2308 2374 2411 2454 qui
2464 2375 2703 2436 volebat

378 2471 554 2532 nobis
599 2468 870 2531 inducias
915 2471 1132 2542 facere,
1163 2480 1226 2529 et
1267 2467 1639 2548 suspendere
1668 2465 1937 2548 clypeos.
2022 2465 2245 2529 Pano.
2274 2467 2431 2528 Sede
2462 2469 2703 2530 tacitus.

381 2563 537 2625 Drc.
583 2564 724 2623 Non
757 2563 995 2637 faciam,
1023 2559 1108 2622 ita
1153 2581 1249 2622 me
1272 2561 1493 2642 Apollo
1540 2570 1721 2632 amet,
1752 2559 1865 2620 nisi
1900 2559 1979 2620 de
2012 2579 2165 2640 pace
2202 2561 2701 2622 consultationem

379 2657 522 2719 mihi
581 2656 955 2738 proponatis.
1057 2653 1276 2716 Parce.
1321 2653 1629 2716 Prodeant
1692 2652 1901 2734 leg-ati,
1956 2655 2059 2734 qui
2114 2653 2194 2714 ad
2250 2654 2479 2735 Regem
2536 2655 2705 2714 missi

373 2751 631 2811 fuerant.
717 2750 869 2811 Drc.
913 2749 1104 2820 Quem
1135 2747 1391 2828 regem?
1431 2745 1682 2808 taedium
1727 2746 1889 2808 enim
1930 2765 2025 2808 me
2064 2747 2225 2828 cepit
2260 2747 2616 2828 legatorum,
2642 2759 2703 2808 et

373 2862 673 2927 pavonum
705 2843 963 2915 illorum,
991 2841 1465 2922 stolidarumque
1511 2840 1966 2922 jactantiarum.
2048 2840 2269 2902 Pane.
2314 2839 2459 2904 Sile.
2544 2841 2699 2904 Drc.

377 2937 600 3018 Papae!
655 2957 694 2996 o
749 2931 1098 2996 Ecbatana!
1141 2935 1276 3014 quis
1334 2933 1432 2994 hic
1487 2945 1583 2994 est
1624 2933 1867 2994 habitus
1908 2933 2221 2996 insolens?
2299 2935 2452 2996 Lao.
2496 2935 2703 2996 Misis-

377 3032 456 3091 tis
485 3050 620 3103 nos,
651 3029 1024 3110 Euthymene
1057 3028 1383 3100 Archonte,
1415 3024 1492 3086 ad
1518 3025 1813 3106 Magnum
1844 3027 2099 3107 Regem,
2127 3028 2413 3090 attributa
2440 3029 2613 3090 nobis
2640 3028 2703 3086 in

377 3123 650 3202 sing-ulos
679 3121 810 3181 dies
839 3121 1086 3182 duarum
1131 3120 1549 3182 drachmarum
1594 3119 1893 3180 mercede.
1974 3119 2129 3180 Drc.
2176 3121 2291 3180 Hei
2320 3121 2463 3180 mihi
2490 3119 2705 3182 drach·

379 3221 643 3278 marum!
729 3216 890 3276 Lao.
920 3214 1204 3276 afflictati
1239 3223 1438 3274 autem
1463 3231 1673 3272 sumus
1702 3212 1939 3286 misere,
1980 3231 2087 3292 per
2116 3213 2427 3294 Caystrios
2456 3231 2701 3293 campos

377 3308 712 3370 oberrando
741 3309 854 3368 sub
881 3308 1175 3381 tentoriis,
1200 3309 1260 3368 in
1289 3306 1593 3388 carpentis
1620 3303 1879 3366 molliter
1905 3305 2218 3378 cubantes,
2246 3305 2525 3366 oerumnis
2550 3323 2701 3366 con·-

377 3403 542 3464 fecti.
627 3400 779 3463 Drc.
823 3401 1068 3462 Scilicet
1095 3419 1326 3462 mecum
1354 3402 1504 3461 bene
1536 3399 1845 3480 agebatur,
1868 3415 2051 3478 quum
2081 3397 2157 3458 ad
2186 3397 2703 3479 propugnaculum

377 3497 440 3556 in
468 3494 655 3576 paleis
695 3496 993 3556 cubat-em.
1079 3496 1240 3556 Lao.
1271 3493 1520 3574 Excepti
1550 3501 1745 3552 autem
1770 3491 2031 3574 hospitio
2058 3492 2421 3571 cogebamur
2438 3492 2639 3553 bibere
2666 3511 2702 3553 e

379 3587 580 3648 vitreis
605 3587 834 3668 poculis
863 3599 924 3648 et
955 3591 1152 3650 aureis
1178 3585 1396 3669 phialis
1441 3605 1667 3646 merum
1698 3583 1894 3646 dulce.
1964 3585 2114 3646 Drc.
2144 3585 2199 3644 O
2222 3585 2444 3646 Cranai
2470 3585 2705 3662 civitas,

379 3696 521 3741 num
569 3681 777 3754 sentis,
805 3693 888 3744 ut·
913 3693 974 3742 te
1017 3681 1398 3742 ludificentur
1427 3678 1656 3760 legati?
1739 3679 1897 3739 Lao.
1944 3677 2191 3740 Barbari
2217 3681 2375 3740 enim
2402 3679 2569 3741 solos
2595 3699 2705 3741 eos

379 3781 518 3836 ‘esse
545 3776 704 3836 viros
733 3775 1048 3857 deputant,
1087 3775 1187 3856 qui
1222 3775 1537 3856 plurimum
1587 3772 1791 3833 valent
1828 3791 1963 3834 esse
2010 3781 2074 3834 et
2118 3773 2338 3833 bibere.
2423 3773 2577 3834 Drc.
2622 3775 2705 3834 At

378 3885 492 3928 nos
541 3868 782 3930 eosdem
827 3877 1186 3930 scortatores
1233 3877 1296 3928 et
1335 3865 1603 3928 cinoedos
1650 3885 1790 3927 esse
1840 3865 2223 3948 deputamus.
2310 3866 2469 3928 Lao.
2524 3868 2703 3926 Anno

379 3971 578 4022 autem
608 3973 822 4042 quarto
853 3961 934 4022 ad
959 3962 1178 4042 regiam
1209 3961 1630 4041 pervenimus:
1673 3961 1783 4021 sed
1814 3960 1947 4020 Rex
1982 3960 2208 4022 abierat
2228 3960 2453 4022 ventris
2480 3981 2703 4024 exone-

375 4053 552 4116 randi
601 4056 811 4136 gratia,
860 4055 1124 4117 abducto
1179 4073 1382 4116 secum
1439 4054 1725 4126 exercitu,
1792 4071 2149 4134 mensesque
2196 4063 2519 4134 perpetuos
2564 4063 2703 4116 octo

377 4149 610 4210 cacavit
653 4150 714 4210 in
759 4149 952 4210 aureis
993 4150 1316 4210 montibus.
1402 4149 1554 4210 Drc.
1599 4147 1843 4218 Quanto
1873 4157 2073 4208 autem
2118 4158 2379 4228 tempore
2404 4151 2704 4210 contraxit

377 4241 700 4323 podicem?
781 4243 940 4306 Leo.
970 4241 1350 4322 Plenilunio:
1401 4241 1625 4304 deinde
1652 4240 1801 4304 abiit
1826 4240 2069 4302 domum
2096 4261 2113 4302 ε
2144 4250 2271 4304 tum
2302 4261 2413 4302 nos
2438 4241 2701 4321 hospitio

377 4335 633 4416 excepit,
664 4337 956 4418 nobisque
986 4337 1330 4418 anteposuit
1359 4337 1625 4417 integ-ros
1652 4355 1689 4396 e
1716 4335 1957 4396 clibano
1984 4337 2191 4397 boves.
2272 4335 2426 4396 Drc.
2458 4335 2539 4394 Et
2564 4335 2703 4415 quis

377 4427 530 4490 vidit
556 4451 819 4511 unquam
847 4435 1028 4494 boves
1077 4432 1140 4492 in
1191 4430 1431 4493 clibano
1477 4429 1719 4492 tostos?
1758 4451 1796 4490 o
1815 4429 2209 4510 jactantiam!
2295 4429 2453 4490 Lao.
2498 4429 2703 4507 Atque

377 4519 577 4585 hercle
605 4543 774 4587 avem
796 4525 976 4606 triplo
999 4525 1280 4607 majorem
1309 4525 1645 4606 Cleonymo
1670 4523 1956 4605 adposuit
1982 4522 2196 4585 nobis:
2252 4539 2469 4584 nomen
2500 4531 2701 4585 autem
