3059 5059
342 361 697 440 sse—932]
1364 361 1642 426 AVEs.
1717 365 1724 372 ·
2351 455 2354 458 ψ
2531 369 2647 429 133

337 495 674 567 consentio,
698 491 1001 566 adhortor,
1029 493 1495 578 supplicationes
1522 493 1858 575 magnificae
1911 493 1973 556 et
2013 494 2345 576 splendidae
2389 508 2458 560 ut
2499 499 2646 560 fiant

336 585 502 654 diis:
560 587 921 668 insuperque
948 587 1025 648 ad
1052 587 1476 668 persolvendas
1506 588 1728 668 gratias
1747 586 1988 648 victima
2025 591 2321 671 quaepiam
2363 593 2538 654 simul
2577 601 2648 654 ut

336 678 699 740 immoletur.
784 682 920 754 Eat,
946 689 1047 742 eat
1076 680 1275 762 Pythii
1300 680 1578 742 carminis
1607 681 1829 742 clamor
1857 680 1918 740 in
1945 681 2227 743 honorem
2258 684 2390 757 Dei,
2418 697 2479 746 et
2499 705 2644 747 con-

336 770 507 831 cinat
558 771 787 834 Ohaeris
842 773 1222 834 cantilenam.
1326 774 1560 835 Prsrn.
1619 773 1844 834 Desine
1902 785 1970 835 tu
2017 774 2222 836 inflare
2275 776 2505 839 tibiam.
2587 779 2644 838 Ο

340 863 679 926 Hercules!
732 866 877 946 quid
904 867 1053 928 illud
1072 877 1199 928 erat
1220 866 1303 927 rei
1328 866 1353 926 ’.θ
1381 868 1474 926 Ita
1492 885 1588 926 me
1612 867 1847 946 Jupiter
1875 877 2052 942 amet,
2079 888 2194 949 ego
2233 869 2422 932 multa
2460 891 2644 952 quum

340 958 591 1020 viderim
617 969 681 1020 et
706 959 1075 1033 admiranda,
1104 959 1369 1020 nondum
1398 979 1588 1040 usque
1617 959 1816 1019 adhuc
1837 979 2078 1021 corvum
2103 961 2222 1021 vidi
2239 964 2645 1044 capistratum.

343 1051 463 1112 ΕΡ.
491 1052 809 1125 Sacerdos,
831 1053 945 1114 hoc
964 1073 1101 1134 age,
1126 1071 1369 1132 operare
1396 1053 1511 1113 diis
1541 1053 1734 1112 novis.
1791 1052 1945 1115 Sac.
1974 1053 2210 1116 Faciam
2239 1055 2458 1116 hercle.
2521 1057 2644 1119 Sed

340 1145 447 1204 ubi
466 1144 587 1216 ille,
610 1147 713 1225 qui
732 1146 1057 1208 canistrum
1072 1145 1283 1207 tenet?
1312 1145 1688 1207 veneramini
1709 1145 1952 1206 Vestam
1975 1146 2351 1223 avicularem,
2369 1148 2643 1212 miluum·

340 1256 463 1316 que
490 1237 721 1310 Larem,
748 1249 811 1300 et
850 1238 1020 1300 alites
1062 1238 1371 1322 Olympios
1413 1250 1594 1318 atque
1630 1237 1939 1319 Olympias
1981 1249 2228 1302 cunctos
2270 1252 2334 1302 et
2371 1254 2641 1306 cunctas.

340 1330 565 1391 cnon.
596 1329 653 1389 Ο
674 1331 977 1412 accipiter,
1001 1333 1191 1393 tutela
1218 1330 1386 1405 Sani,
1410 1331 1575 1392 salve
1602 1329 1734 1391 Rex
1763 1331 2089 1412 Pelargice.
2157 1335 2310 1396 Sac.
2339 1335 2643 1414 Cycnum-

340 1443 461 1502 que
478 1423 757 1504 Pythium
780 1434 842 1484 et
865 1424 1120 1497 Delium,
1146 1425 1550 1504 Latonamque
1573 1424 1934 1486 coturnicem
1956 1425 2279 1504 ingentem,
2301 1437 2362 1488 et
2385 1427 2642 1490 Dianam

338 1515 803 1578 acalantbidem.
886 1516 1124 1578 Prsrrr.
1152 1518 1290 1577 Non
1322 1517 1573 1598 amplius
1601 1517 1862 1577 Colaenis
1890 1517 2142 1591 dicatur,
2174 1517 2284 1581 sed
2309 1520 2640 1583 acalanthis

340 1609 566 1670 Diana.
650 1610 805 1671 Sac.
838 1611 917 1671 Et
942 1610 1219 1691 frigillam
1248 1611 1582 1682 Sabaziam,
1611 1611 2046 1691 strutbumque,
2076 1611 2361 1692 Magnam
2391 1613 2644 1676 Matrem

338 1702 521 1762 deum
544 1703 984 1784 hominumque.
1040 1703 1257 1764 Cfloa.
1287 1704 1532 1784 Cybebe
1557 1703 1821 1777 domina,
1851 1704 2101 1776 struthe,
2127 1717 2316 1765 mater
2344 1705 2642 1780 Cleocriti,

338 1795 425 1855 da
456 1796 1056 1858 Nubicuculiensibus
1086 1797 1401 1858 sanitatem
1455 1807 1518 1856 et
1557 1796 1832 1870 salutern,
1885 1797 2053 1877 ipsis,
2105 1798 2398 1878 sociisque
2456 1799 2644 1862 Chiis.

338 1888 581 1950 Prsrn.
612 1890 746 1950 Chii
774 1907 919 1950 sane
948 1909 1043 1950 me
1070 1888 1396 1962 delectant,
1424 1891 1644 1970 ubique
1663 1889 1951 1968 adjuncti.
2031 1890 2183 1950 Sao.
2213 1891 2560 1973 Heroesque
2580 1903 2644 1954 et

340 2001 507 2055 aves,
523 1982 885 2062 heroumque
904 1993 1101 2055 natos,
1122 1995 1183 2044 et
1201 1983 1680 2063 porphyrionem,
1703 1992 1765 2044 et
1789 1982 2144 2062 pelicanum,
2165 1983 2642 2067 phlexidemque,

338 2085 651 2148 tetracem,¹
677 2093 985 2156 pavonem,
1015 2075 1227 2148 eleam,
1246 2076 1512 2149 bascarn,
1555 2075 1802 2147 elasam,
1845 2075 2106 2150 ardeam,
2145 2075 2461 2152 falconem,
2501 2079 2640 2140 fice-

340 2166 551 2228 dulam
578 2178 641 2228 et
664 2187 894 2248 parum.
978 2169 1210 2230 Prsrn.
1255 2168 1512 2237 Desine3
1563 2167 1624 2227 in
1666 2168 1878 2228 malam
1915 2188 2071 2238 rem:
2130 2167 2336 2230 desine
2363 2170 2640 2233 clamare.

342 2259 505 2334 Heu,
532 2262 681 2323 heu!
731 2261 809 2321 ad
835 2260 1095 2342 qualem,
1126 2262 1469 2334 miserrime,
1486 2261 1784 2322 victimam
1809 2280 1990 2322 vocas
2018 2261 2184 2322 nisos
2209 2273 2272 2323 et
2309 2263 2597 2326 vulturios
2613 2264 2642 2324 ἲ

342 2373 543 2416 nonne
566 2353 735 2416 vides
754 2354 851 2414 vel
880 2375 1061 2417 unum
1086 2354 1331 2416 miluum
1372 2355 1529 2416 istuc
1579 2373 1753 2414 omne
1795 2355 2056 2434 abripere
2097 2355 2321 2435 posse?
2375 2359 2542 2420 aufer
2579 2369 2640 2421 te

340 2445 485 2506 hinc
513 2457 763 2526 tuasque
790 2447 1011 2507 infulas
1034 2467 1053 2506 t
1108 2447 1275 2528 ipsus
1318 2447 1475 2508 enim
1512 2447 1646 2507 haec
1694 2465 1866 2507 sacra
1896 2447 2060 2508 solus
2106 2465 2404 2526 peragam.
2487 2451 2639 2513 Sac.

338 2540 507 2620 Ergo
534 2541 784 2602 alterum
814 2560 1015 2600 rursus
1043 2537 1121 2600 ad
1152 2540 1517 2620 gutturnium
1539 2539 1646 2600 tibi
1666 2559 1760 2602 me
1787 2549 2022 2619 oportet
2066 2540 2336 2602 accinere
2381 2559 2642 2617 carmen,

338 2634 506 2712 pium
524 2644 933 2713 sanctumque,
950 2643 1013 2694 et
1035 2633 1093 2692 in
1101 2653 1309 2694 vocare
1326 2633 1495 2707 deos,
1506 2651 1692 2694 unum
1711 2633 1968 2714 aliquem
1986 2631 2378 2704 solummodo,
2393 2635 2444 2694 si
2463 2635 2640 2697 modo

338 2728 491 2788 satis
533 2726 825 2788 habebitis
852 2726 990 2786 cibi.
1044 2725 1173 2787 Has
1200 2728 1377 2799 enim,
1407 2747 1544 2808 quae
1573 2725 1816 2798 adsunt,
1844 2725 2116 2788 victimas
2145 2724 2290 2785 nihil
2317 2725 2480 2788 aliud
2506 2747 2640 2790 esse

339 2819 535 2892 dicas,
552 2836 729 2899 quam
759 2820 1003 2880 barbam
1033 2827 1095 2879 et
1116 2839 1361 2880 cornua.
1400 2819 1641 2880 Pras-n.
1659 2819 1842 2878 Sacra
1869 2818 2154 2880 facientes
2174 2836 2520 2881 veneremur
2537 2840 2642 2881 vo-

342 2914 543 2974 lucres
572 2912 742 2974 deos.
828 2912 1021 2973 Poe-r.
1054 2912 1506 2973 Nubicuculiam
1547 2911 1710 2972 illam
1749 2912 2110 2971 fortunatam
2137 2909 2392 2984 celebra,
2434 2912 2638 2986 Musa,

338 3008 460 3067 tuis
487 3005 841 3087 hymnorum
888 3005 1182 3067 cantibus.
1268 3005 1501 3066 Pte-ru.
1547 3003 1708 3073 Quid
1736 3003 1850 3066 hoc
1877 3004 1960 3064 rei
1989 3003 2124 3064 est?
2165 3002 2512 3065 undenam?
2541 3005 2640 3068 dic

340 3099 506 3172 mihi,
535 3099 671 3178 quis
697 3096 810 3159 es?
892 3097 1089 3158 Pom.
1131 3099 1190 3158 Is
1212 3117 1325 3178 ego
1350 3117 1503 3170 sum,
1533 3097 1634 3177 qui
1661 3095 2069 3158 mellifluorum
2089 3097 2410 3158 carminum
2451 3098 2640 3162 fundo

338 3201 581 3265 cantus,
612 3191 921 3251 Musarum
948 3191 1205 3252 famulus
1230 3189 1566 3271 expeditus,
1607 3188 1935 3251 secundum
1977 3189 2321 3251 Homerum.
2405 3190 2636 3254 Prsrn.

342 3283 585 3364 Ergone
624 3303 831 3345 servus
868 3303 1049 3364 quum
1077 3285 1181 3358 sis,
1218 3293 1445 3346 comam
1490 3281 1650 3344 alis?
1732 3283 1928 3343 Pon-r.
1981 3283 2122 3344 Non
2161 3284 2244 3343 ita
2265 3291 2392 3343 est:
2437 3303 2639 3344 verum

340 3395 553 3439 omnes
574 3397 778 3438 sumus
810 3395 921 3437 nos
953 3380 1147 3457 po'etoe
1180 3377 1487 3438 Musarum
1515 3375 1722 3437 famuli
1751 3374 2032 3456 expediti,
2059 3375 2386 3440 secundum
2419 3375 2641 3438 Home·

338 3491 495 3532 rum.
578 3471 807 3531 Prsrrr.
841 3469 979 3530 Non
1010 3483 1223 3532 temere
1250 3482 1343 3531 est
1370 3489 1536 3551 ergo,
1561 3470 1726 3549 quod
1749 3468 2007 3530 lacerum
2055 3469 2240 3530 habes
2297 3468 2636 3546 amiculum.

342 3566 487 3637 Sed,
516 3583 557 3626 o
580 3568 781 3645 poeta,
810 3565 945 3649 quis
972 3576 1031 3626 te
1058 3564 1177 3626 huc
1215 3563 1420 3644 adegit
1460 3560 1664 3623 furor?
1746 3561 1936 3624 Pon-r.
1981 3561 2262 3622 Carmina
2301 3561 2534 3624 confeci
2571 3563 2633 3623 in

342 3659 779 3720 Nibicuculiam
821 3669 1101 3729 vestram,
1128 3656 1652 3738 dithyrambosque
1680 3657 1898 3716 multos
1937 3664 1999 3717 et
2025 3654 2356 3734 elegantes,
2378 3654 2637 3735 virgina-

339 3751 539 3832 liaque
570 3753 826 3826 cantica,
854 3773 991 3834 quae
1020 3750 1373 3812 Simonideis
1404 3750 1582 3811 etiam
1623 3749 2077 3829 aequiparentur.
2163 3749 2390 3809 Prsrn.
2434 3749 2640 3817 Quan-

338 3843 419 3904 do
448 3845 643 3905 fecisti
680 3856 747 3907 tu
794 3865 885 3920 ea,
936 3855 997 3906 et
1042 3865 1081 3904 a
1132 3865 1249 3924 quo
1298 3842 1600 3925 tempore?
1683 3845 1878 3904 Pom.
1925 3841 2290 3902 Jamdudum
2337 3843 2636 3921 equidem,

320 3937 691 4016 jamdudum
712 3939 869 4000 hanc
916 3940 1123 4000 urbem
1176 3936 1547 3998 concelebro.
1633 3935 1867 3996 Prsrrr.
1918 3935 2133 3996 Nonne
2179 3954 2294 4014 ego
2346 3935 2462 3996 hoc
2501 3936 2634 4016 ipso

336 4031 402 4090 in
428 4031 681 4095 articulo
708 4032 1029 4094 nominalia
1053 4031 1217 4097 urbis
1244 4049 1417 4092 sacra
1452 4029 1630 4104 facio,
1671 4041 1733 4089 et
1773 4047 2008 4102 nomen,
2047 4039 2330 4108 tanquam
2369 4030 2636 4109 puerulo,

336 4142 501 4183 nunc
514 4125 771 4203 primum
802 4127 855 4186 ei
884 4124 1181 4205 imposui?
1262 4124 1456 4184 Pon-r.
1480 4121 1604 4183 Sed
1631 4135 1726 4182 est
1763 4122 2066 4184 celerrima
2106 4123 2412 4183 Musarum
2453 4124 2634 4198 sama,

339 4215 539 4297 qualis
562 4236 849 4298 equorum
874 4218 1102 4278 micans
1136 4217 1471 4297 pernicitas.
1555 4216 1646 4275 Tu
1695 4233 1834 4276 vero
1883 4228 2069 4296 pater,
2106 4215 2303 4275 AEtnae
2339 4217 2634 4286 conditor.

340 4311 673 4372 divinorum
712 4312 1001 4372 honorum
1048 4310 1436 4390 cog-nominis,
1476 4309 1692 4388 largire
1743 4308 1904 4378 mihi,
1945 4307 2342 4388 quodcunque
2379 4319 2484 4368 tuo
2523 4310 2632 4368 tibi

338 4405 541 4482 capite
569 4403 839 4465 adnuens
864 4404 1015 4466 velis
1040 4402 1329 4485 propitius
1360 4403 1503 4464 dare
1524 4401 1687 4462 mihi.
1771 4401 1998 4462 Prsrrr.
2030 4401 2194 4461 Istuc
2221 4399 2388 4460 nobis
2410 4400 2632 4464 malum

338 4497 599 4558 hominis
656 4497 913 4560 facesset
967 4497 1228 4577 negotia,
1283 4496 1395 4557 nisi
1440 4495 1856 4575 defungamur,
1899 4493 2200 4574 quidpiam
2261 4491 2344 4552 illi
2397 4492 2631 4554 dantes.
