3059 5059
286 377 685 457 sos-0⁷11·
1197 378 1608 442 nurus,
2447 382 2570 451 m

282 504 743 569 commensalem
785 514 973 569 tuum.
1070 506 1279 569 Pau».
1348 504 1507 576 Quid
1563 526 1736 587 agam
1791 509 2048 573 misera?
2158 512 2431 579 Cannu.
2500 514 2572 577 ln

280 597 597 661 maximam
626 597 841 661 malam
870 618 1107 663 crucem
1134 599 1230 660 abi
1260 599 1427 661 ocius
1455 620 1493 661 a
1520 601 1714 663 nobis.
1795 600 2006 665 Pane.
2049 604 2346 672 Quorsum
2372 616 2572 675 autem

280 690 455 753 eam?
566 691 838 754 Onasu-
908 692 981 755 In
1021 712 1265 755 nervum
1312 694 1427 755 ito:
1489 713 1565 755 ne
1613 714 1810 769 cessa,
1853 695 1962 756 sed
2006 716 2276 777 propera.
2361 699 2575 763 Paua.

278 783 465 864 Atqui
528 804 636 845 vos
674 805 769 847 me
810 784 1133 867 aliquando
1185 786 1301 847 huc
1344 788 1678 849 arcessetis.
1781 789 2052 851 Cannu.
2115 791 2266 853 Tum
2313 791 2574 859 redibis:

280 896 439 939 nunc
480 898 621 939 vero
650 888 709 941 te
750 879 933 939 aufer.
1016 878 1233 939 Melius
1260 890 1355 941 est
1394 879 1549 941 enim
1599 891 1668 943 ut
1711 901 1826 961 ego
1874 882 2201 945 ditescam:
2245 894 2349 947 tuo
2377 896 2576 949 autem

278 970 455 1048 capiti
486 970 643 1032 male
670 971 769 1031 sit.
851 971 1050 1032 Buta.
1096 972 1385 1052 Equidem
1412 972 1612 1033 hercle
1653 974 1788 1034 volo
1828 973 1996 1035 dives
2039 976 2232 1037 sactus
2277 978 2576 1044 convivari

280 1080 411 1123 cum
436 1062 641 1125 liberis
664 1064 809 1125 meis
838 1076 903 1127 et
920 1084 1138 1133 uxore;
1195 1075 1257 1127 et
1278 1066 1437 1127 lotus
1466 1076 1645 1146 atque
1675 1065 1894 1128 nitidus
1921 1068 2250 1147 procedens
2277 1088 2310 1129 e
2330 1069 2570 1143 balnea,

282 1155 599 1235 opificibus
644 1168 707 1219 et
752 1157 1095 1237 Paupertati
1142 1158 1463 1238 oppedere.
1549 1160 1820 1220 Culum.
1890 1160 2078 1222 Nobis
2133 1160 2372 1241 quidem
2431 1163 2576 1227 abiit

278 1249 513 1331 perdita
538 1251 695 1313 ista:
750 1269 864 1331 ego
892 1272 1031 1312 vero
1060 1262 1123 1312 et
1141 1262 1207 1311 tu
1237 1251 1429 1313 Deum
1458 1271 1638 1331 quam
1677 1248 1958 1315 citissime
1998 1254 2288 1317 ducamus
2331 1256 2390 1315 in
2437 1258 2574 1317 AEs-

280 1341 477 1423 culapi
514 1344 739 1415 fanum,
771 1354 835 1405 ut
872 1344 994 1404 illic
1022 1344 1284 1408 incubet.
1369 1346 1570 1405 Bru».
1615 1346 1706 1407 Ne
1743 1366 1881 1407 vero
1909 1366 2236 1421 cessemus,
2265 1367 2341 1409 ne
2368 1368 2572 1413 rursus

278 1436 493 1516 aliquis
550 1437 843 1501 accedens
896 1437 1317 1521 impedimento
1368 1438 1465 1511 sit,
1514 1459 1636 1519 quo
1689 1439 1883 1501 minus
1930 1439 2240 1515 faciamus,
2283 1441 2444 1523 quod
2493 1442 2572 1505 ad

278 1548 395 1590 rem
422 1532 739 1610 pertineat.
822 1531 1095 1595 Cannu.
1128 1532 1295 1593 Heus
1326 1532 1503 1593 Cario
1534 1530 1772 1606 famule,
1801 1533 2066 1613 stragula
2095 1532 2297 1593 efferre
2319 1543 2574 1614 oportet,

276 1624 591 1704 ipsumque
612 1626 787 1687 deum
812 1625 1047 1699 ducere,
1068 1636 1132 1685 ut
1152 1626 1331 1687 moris
1348 1639 1462 1699 est,
1484 1637 1798 1708 ceteraque
1815 1625 2008 1699 simul,
2030 1645 2166 1706 quae
2183 1626 2343 1686 intus
2365 1639 2572 1707 parata

278 1728 435 1780 sunt.
522 1718 737 1781 Cnoa.
780 1719 985 1794 (Deest
1018 1721 1200 1783 Clton'
1226 1720 1568 1795 canticum.)

354 1810 531 1871 CAR.
595 1811 648 1871 Ο
687 1813 789 1892 qui
838 1834 999 1895 soepe
1050 1814 1301 1877 Theseis
1358 1814 1610 1873 tenuiter
1665 1812 1886 1891 epulati
1943 1812 2110 1887 estis,
2165 1832 2362 1887 senez,
2415 1833 2570 1894 pane

280 1902 603 1965 admodum
630 1905 885 1978 modico,
912 1927 1090 1986 quam
1132 1928 1291 1969 nunc
1334 1907 1477 1967 estis
1517 1906 1822 1977 fortunati,
1867 1925 2044 1985 quam
2088 1907 2264 1967 beata
2301 1917 2395 1968 est
2443 1925 2570 1969 sors

276 2008 493 2070 venua,
518 1998 815 2074 ceterique
834 2016 1065 2069 omnes,
1088 2000 1190 2078 qui
1217 2000 1419 2079 probis
1459 2000 1604 2059 estis
1634 1999 1928 2059 moribus!
2012 1997 2228 2059 Cnoa..
2272 1999 2432 2069 Quid
2457 2011 2571 2075 est,

274 2088 499 2169 optime
544 2100 781 2149 tuorum
837 2088 1174 2155 sodalium?
1230 2092 1445 2152 videris
1500 2092 1656 2151 enim
1713 2090 1990 2153 advenire
2037 2091 2278 2153 nuntius
2320 2094 2570 2173 alicujus

274 2184 435 2245 boni.
524 2184 695 2245 Cas.
736 2181 935 2243 Herus
974 2204 1141 2246 meus
1186 2184 1377 2245 sactus
1404 2196 1497 2245 est
1524 2184 2050 2254 fortunatissimus,
2077 2183 2170 2243 vel
2197 2185 2396 2264 potius
2441 2188 2570 2268 ipse

276 2276 531 2337 Plutus:
588 2294 725 2335 nam
762 2296 835 2337 ex
862 2296 1028 2337 coeco
1074 2278 1269 2337 factus
1316 2290 1411 2339 est
1456 2276 1916 2348 oculatissimus,
1963 2274 2260 2356 habetque
2313 2278 2570 2343 nitentes

271 2368 553 2449 pupillas,
612 2368 955 2450 AEsculapio
1008 2390 1152 2431 usus
1200 2369 1429 2431 medico
1484 2369 1758 2450 propitio.
1851 2368 2068 2429 Cnoa.
2119 2369 2374 2431 Nuntias
2427 2373 2570 2434 mihi

270 2460 437 2541 quod
471 2460 788 2542 gaudeam,
844 2464 1083 2523 nuntias
1138 2462 1281 2523 mihi
1338 2460 1495 2542 quod
1555 2461 1900 2523 exclamem.
2000 2463 2168 2525 Cau.
2233 2463 2398 2524 Licet
2439 2466 2569 2544 jam

268 2556 485 2628 letari,
506 2556 699 2617 velitis
726 2555 949 2617 nolitis.
1030 2557 1245 2617 Cnoa.
1288 2556 1431 2617 Alta
1456 2576 1600 2618 voce
1629 2556 1886 2617 laudabo
1916 2556 2120 2634 optimi
2151 2557 2333 2633 patris
2365 2558 2568 2633 filium,

272 2660 333 2711 et
358 2652 579 2729 ingens
606 2648 753 2709 illud
778 2649 1121 2711 mortalibus
1150 2650 1347 2729 jubar,
1392 2649 1820 2730 AEsculapium.
1905 2648 2084 2709 Min..
2130 2650 2418 2719 Quisnam
2455 2650 2568 2713 iste

268 2742 498 2805 clamor
526 2741 658 2805 est?
716 2742 1087 2803 nuntiabitne
1110 2742 1335 2823 aliquid
1362 2744 1499 2803 boni
1523 2742 1549 2801 ³
1604 2743 1718 2805 hoc
1739 2743 1894 2803 enim
1924 2744 2170 2819 cupiens
2199 2762 2313 2824 ego
2342 2742 2568 2805 dudum

270 2838 433 2897 intus
476 2834 748 2907 desideo,
776 2835 935 2897 hunc
963 2837 1298 2917 opperiens.
1382 2838 1552 2897 Can.
1597 2838 1754 2909 Cito,
1801 2836 1919 2897 cito
1951 2834 2094 2895 affer
2137 2836 2356 2910 vinum,
2403 2838 2566 2913 hera,

270 2942 339 2992 nt
358 2931 587 3009 etipsa
606 2931 815 2990 bibas:
842 2928 1053 2993 lubens
1084 2931 1239 2991 enim
1256 2931 1479 3010 oppido
1508 2931 1622 2993 hoc
1655 2930 1822 2991 iacis.
1871 2930 2024 2991 Nam
2049 2931 2247 2991 omnia
2270 2931 2430 2991 bona
2449 2952 2568 2995 uno

268 3024 445 3104 quasi
473 3025 639 3085 fasce
666 3022 1090 3102 comprehensa
1116 3024 1219 3085 tibi
1249 3025 1393 3085 fero.
1478 3025 1659 3085 Mux..
1694 3025 1807 3085 Ubi
1835 3044 1974 3103 ergo
2003 3023 2186 3085 sunt?
2269 3024 2434 3085 Can.
2479 3026 2570 3085 Ex

266 3117 385 3177 illis
408 3137 553 3197 qum
579 3116 775 3176 dicam
800 3135 1131 3195 cognosces
1161 3116 1339 3179 illico.
1424 3117 1605 3177 Min..
1648 3120 1776 3197 Age
1823 3115 2248 3197 igitur-,expedi
2277 3117 2570 3198 quidquid

268 3213 423 3273 dicis
450 3209 716 3272 tandem.
799 3210 968 3271 Cas.
996 3210 1285 3271 Ausculta
1314 3210 1525 3289 igitur:
1577 3230 1714 3271 nam
1743 3230 1856 3287 ego
1891 3230 2010 3271 rem
2053 3228 2286 3269 omnem
2329 3230 2366 3269 a
2405 3211 2570 3271 calce

266 3324 463 3385 usque
488 3304 551 3365 in
574 3312 756 3383 caput
782 3303 886 3364 tibi
913 3301 1255 3363 demensam
1280 3304 1457 3365 dabo,
1545 3304 1610 3363 M
1621 3322 1727 3363 οι..
1762 3304 1856 3363 Ne
1883 3323 2088 3382 quaeso
2109 3302 2165 3361 in
2198 3313 2380 3382 caput
2405 3302 2570 3365 mihi.

268 3401 446 3459 Can.
476 3398 697 3459 Annon
721 3398 879 3467 bona
902 3416 993 3467 ea,
1022 3418 1159 3476 quae
1180 3396 1359 3458 modo
1386 3395 1751 3457 evenerunt?
1794 3396 1973 3456 Mur..
2006 3397 2142 3455 Non
2168 3416 2260 3455 res
2289 3395 2450 3474 ipsas
2477 3394 2568 3455 in·

264 3510 469 3573 qnam.
524 3492 696 3550 Can.
720 3489 949 3551 Etenim
972 3510 1153 3569 quum
1181 3491 1477 3572 extemplo
1505 3488 1876 3570 pervenimus
1907 3488 1984 3547 ad
2015 3489 2228 3559 Deum,
2252 3488 2434 3547 virum
2459 3488 2570 3549 du·

264 3595 477 3647 centes
504 3595 651 3645 tunc
676 3582 915 3663 quidem
944 3582 1347 3657 miserrimum,
1378 3597 1441 3643 at
1468 3603 1628 3645 nunc
1656 3582 1884 3643 felicem
1917 3601 1987 3641 ac
2016 3582 2273 3653 beatum,
2317 3580 2366 3641 si
2407 3581 2570 3661 quis-

266 3699 447 3759 quam
478 3677 659 3749 alius,
686 3678 937 3758 primum
959 3676 1195 3756 quidem
1222 3677 1413 3756 ipsum
1444 3677 1523 3737 ad
1549 3696 1708 3737 mare
1738 3674 2111 3745 deduximus,
2136 3672 2352 3735 deinde
2381 3674 2575 3735 ablui-

266 3792 425 3833 mus.
458 3772 641 3833 Mux..
666 3772 893 3852 Edepol
916 3793 1011 3833 noe
1032 3771 1131 3831 ille
1152 3771 1361 3831 beatus
1384 3781 1538 3831 erat:
1570 3771 1747 3829 homo
1769 3788 1972 3839 senex,
1991 3766 2206 3846 frigido
2230 3768 2385 3828 lotus
2405 3768 2572 3829 mari.

268 3865 441 3926 Can.
486 3864 723 3926 Deinde
753 3865 829 3925 ad
874 3866 1182 3927 delubrum
1232 3863 1345 3923 Dei
1393 3863 1814 3923 concessimus.
1898 3861 2224 3939 Postquam
2265 3869 2461 3921 autem
2507 3860 2568 3919 in

265 3976 371 4019 ara
396 3956 697 4038 placente
724 3970 786 4017 et
810 3958 931 4021 liba
974 3967 1322 4021 consecrata
1366 3957 1527 4017 fuere
1575 3957 1812 4017 flamma
1849 3952 2120 4024 Vulcani,
2157 3952 2568 4013 reclinavimus

264 4049 537 4125 Plutum,
562 4051 651 4111 uti
678 4070 781 4130 par
816 4060 979 4113 erat:
1026 4061 1295 4113 nostrum
1340 4060 1536 4113 autem
1587 4048 1992 4128 unusquisque
2039 4059 2231 4105 torum
2269 4044 2379 4106 sibi
2423 4066 2569 4107 con-

262 4146 605 4206 sarcinavit.
638 4143 1177 4207 Mun.Aderantne
1208 4143 1307 4204 alii
1335 4144 1536 4215 etiam,
1563 4162 1734 4221 opem
1767 4141 1876 4201 Dei
1904 4138 2356 4201 desiderantes?
2400 4139 2569 4203 Can.

264 4238 438 4301 Unus
464 4238 709 4318 quidem
756 4239 1099 4309 Neoclides,
1146 4236 1249 4317 qui
1292 4256 1491 4298 coecus
1553 4234 1794 4315 quidem
1837 4244 1947 4304 est,
1994 4243 2058 4293 at
2101 4230 2354 4292 furando
2394 4233 2568 4293 facile

258 4332 537 4394 videntes
558 4342 834 4410 superat;
864 4332 1081 4411 aliique
1110 4329 1277 4390 multi
1302 4329 1495 4390 omnis
1525 4327 1758 4408 generis
1791 4326 2006 4387 morbis
2035 4324 2323 4405 impliciti.
2396 4324 2570 4387 Post-

258 4446 443 4504 quam
474 4435 677 4485 autem
706 4424 961 4485 lucernis
988 4423 1297 4487 exstinctis
1326 4442 1435 4483 nos
1454 4422 1638 4502 jussit
1666 4421 1914 4481 dormire
1941 4420 2054 4481 Dei
2075 4419 2358 4489 minister,
2401 4416 2568 4477 edix-

258 4520 451 4599 itque,
478 4528 569 4594 ut,
598 4520 647 4579 si
678 4520 811 4597 quis
842 4518 1095 4581 sonitum
1126 4516 1389 4590 sentiret,
1420 4524 1662 4587 taceret,
1682 4534 1886 4577 omnes
1910 4513 2136 4593 placide
2161 4511 2570 4575 decubuimus.
