3059 5059
1197 834 1941 930 EQUITES.

1023 1259 1530 1328 DRAMATIS
1582 1261 2086 1328 PERSONAE.

561 1395 1090 1483 D‘nuosnmnns.
1730 1423 1933 1484 Οιεο.

569 1513 838 1573 Νιοιᾼε.
1734 1517 2015 1576 Cnonus
2060 1511 2403 1580 Boot-run.

569 1607 950 1668 lsrcrmuus
993 1609 1091 1670 cui
1137 1628 1343 1669 nomen
1392 1609 1563 1669 Auo·
1732 1609 1999 1671 Demus.

731 1719 1092 1762 amamus.

1429 1792 1687 1874 [1—37]

405 1905 625 1992 Dan.
668 1930 1022 1992 lattataeax!
1086 1933 1220 1992 hem
1255 1933 1450 1993 mala!
1511 1935 1789 1994 lattatoe!
1874 1933 1993 2004 Qui
2036 1933 2201 1995 inum
2246 1933 2712 2014 Paphlagonem‚

401 2043 613 2083 recens
643 2036 864 2084 emtum
895 2025 1140 2097 malum,
1173 2026 1327 2087 male
1356 2026 1436 2086 dii
1479 2027 1735 2108 perdant
1763 2047 1901 2088 cum
1929 2027 2058 2109 ejus
2084 2026 2349 2087 consiliis
2376 2033 2391 2086 Ι
2474 2028 2565 2088 Ex
2591 2048 2712 2108 quo

403 2116 562 2174 enim
593 2117 652 2176 in
681 2117 838 2178 hanc
868 2119 1110 2179 domum
1139 2138 1204 2178 se
1229 2118 1407 2202 malis
1455 2120 1658 2180 intulit
1684 2121 1917 2192 avibus,
1965 2120 2177 2200 plagas
2220 2119 2477 2180 assidue,
2498 2121 2717 2200 infligit

403 2209 616 2269 servis.
700 2211 784 2270 Νι
795 2231 851 2271 c.
896 2210 1166 2272 Pessime
1189 2211 1386 2272 hercle
1409 2225 1615 2290 pereat
1636 2213 1949 2293 primarius
1968 2213 2081 2272 iste
2100 2212 2411 2292 Paphlago
2428 2233 2561 2274 cum
2586 2214 2710 2274 suis

405 2303 758 2362 calumniis!
844 2303 1024 2366 Dan.
1069 2304 1308 2377 Infelix,
1340 2305 1642 2385 quomodo
1670 2315 1731 2366 te
1760 2305 1990 2366 habes?
2078 2306 2226 2366 Nm.
2271 2305 2455 2376 Male,
2480 2309 2633 2366 sieut
2651 2315 2714 2367 et

405 2405 495 2457 tu.
581 2395 758 2458 Dim.
800 2396 1074 2476 Agedum
1096 2396 1218 2457 huc
1245 2397 1414 2471 ades,
1443 2410 1511 2458 ut
1538 2399 1801 2460 lamenta
1828 2398 2207 2472 misceamus,
2224 2397 2463 2478 Olympi
2484 2399 2711 2460 flebiles

401 2489 614 2548 imitati
644 2489 876 2551 modos.
923 2491 1075 2553 Nm.
1107 2491 1212 2549 Mu
1239 2511 1365 2563 mu,
1396 2510 1494 2550 mu
1524 2511 1649 2564 mu,
1672 2510 1771 2552 mu
1794 2511 1915 2564 mu,
1938 2505 2037 2552 mu
2060 2511 2183 2564 mu,
2206 2511 2305 2551 mu
2326 2511 2445 2564 mu,
2474 2513 2573 2554 mu
2586 2511 2709 2555 mu.

407 2581 587 2641 Dur.
632 2583 793 2652 Quid
843 2583 1238 2644 lamentamur
1283 2584 1547 2644 frustra?
1590 2603 1787 2644 nonne
1830 2587 2145 2666 oportebat
2172 2605 2283 2645 nos
2310 2605 2575 2664 quaerere
2604 2585 2713 2646 ali·

405 2693 586 2754 quam
635 2676 888 2737 salutem
937 2677 1132 2750 nobis,
1177 2688 1238 2737 et
1289 2697 1407 2737 non
1450 2678 1594 2737 flere
1636 2677 1939 2758 ampiius?
2020 2678 2169 2740 Nrc.
2214 2678 2507 2747 Quaenam
2534 2679 2715 2758 igitur

405 2767 642 2828 evenire
670 2770 844 2830 nobis
887 2769 1082 2850 possit
1125 2769 1332 2832 salus?
1374 2770 1472 2831 dic
1514 2781 1601 2832 tu.
1687 2772 1866 2832 Dum.
1910 2771 2067 2840 Quin
2110 2783 2176 2832 tu
2220 2770 2319 2830 dic
2354 2770 2518 2843 mihi,
2544 2783 2611 2832 ut
2638 2791 2713 2832 ne

405 2872 602 2921 tecum
631 2863 1014 2925 contendam.
1101 2865 1154 2923 N
1161 2883 1249 2924 rc.
1295 2862 1612 2942 Equidem,
1642 2863 1725 2924 ita
1754 2884 1846 2926 me
1876 2865 2097 2924 amabit
2122 2863 2362 2943 Apollo,
2390 2864 2547 2943 prior
2589 2884 2712 2924 non

405 2951 676 3017 dixerim.
721 2956 842 3016 Sed
873 2957 975 3017 dic
1001 2957 1318 3025 audacter:
1365 2956 1588 3016 deinde
1616 2955 1809 3016 dicam
1828 2959 2005 3017 etiam
2036 2957 2160 3016 tibi.
2245 2955 2421 3016 Dau-
2467 2958 2713 3020 Utinam

405 3049 556 3107 nihi
581 3049 822 3121 diceres,
853 3069 988 3130 quae
1015 3071 1101 3109 me
1125 3049 1318 3111 dicere
1345 3057 1580 3129 oportet
1606 3053 1633 3109 !
1716 3049 1866 3110 N1c.
1910 3050 2029 3111 Sed
2060 3048 2203 3110 mihi
2229 3068 2349 3110 non
2380 3049 2711 3114 inestcon-

403 3141 653 3202 fidentia
679 3144 951 3204 barbara.
1038 3144 1176 3213 Quo
1203 3141 1448 3203 tandem
1489 3141 1671 3202 modo
1712 3142 1906 3202 dicam
1948 3142 2063 3203 hoc
2106 3142 2275 3213 scite,
2301 3152 2363 3210 et
2391 3144 2711 3224 Euripideo'

405 3235 616 3294 more?
703 3235 883 3296 Dan.
927 3239 1138 3316 Apage
1163 3256 1180 3295 ε
1213 3255 1300 3313 με
1329 3235 1671 3297 scandicem
1700 3235 1841 3296 mihi
1869 3235 2194 3299 obtrudant
2238 3235 2345 3296 sed
2374 3237 2572 3298 inveni
2602 3238 2711 3300 ali-

403 3347 582 3408 quam
637 3329 997 3390 cantilenam
1051 3349 1329 3390 recessus
1385 3331 1461 3389 ab
1515 3329 1686 3391 here.
1770 3329 1927 3389 Nrc.
1968 3327 2083 3388 Dic
2138 3348 2279 3408 ergo
2334 3329 2711 3392 continenter

384 3423 730 3502 fugiamus.
818 3422 998 3484 Dela.
1043 3423 1198 3501 Age,
1227 3421 1362 3482 dico
1373 3422 1713 3502 fugiamus.
1802 3423 1952 3482 N1c.
2000 3422 2175 3480 Nunc
2216 3422 2509 3502 subjunge
2540 3433 2710 3486 trans

409 3515 508 3573 isti
542 3515 882 3596 sugimus.
972 3515 1150 3576 Dsn.
1201 3516 1415 3576 stans.
1500 3514 1652 3576 Nic.
1697 3515 1959 3595 Optime.
2043 3513 2231 3582 Quasi
2286 3518 2709 3592 mestun-hares,

404 3628 568 3669 nunc
593 3609 784 3688 primo
811 3609 1034 3670 sensim
1063 3609 1158 3668 dic
1161 3609 1482 3689 fugiamus
1502 3626 1522 3666 .·
1554 3608 1771 3669 deinde
1793 3608 2153 3688 frequenter,
2174 3607 2491 3686 subjuncto
2515 3617 2687 3672 trans

319 3747 330 3752 -
406 3702 590 3762 Deu.
633 3701 959 3783 Fugiamus
987 3701 1490 3782 transfugiamus
1515 3703 2006 3782 transfugiamus.
2091 3700 2245 3762 Nxc.
2290 3701 2467 3774 Hem,
2509 3723 2707 3766 noune

394 3794 730 3874 jucundum
783 3795 920 3855 est?
1003 3794 1180 3854 Dan.
1225 3795 1384 3854 Sane
1429 3794 1653 3868 hercle,
1696 3804 1766 3854 ut
1814 3794 2007 3855 dicis:
2050 3793 2162 3854 sed
2203 3794 2327 3854 cuti
2371 3795 2485 3856 hoc
2528 3816 2707 3860 omen

407 3888 610 3948 timeo.
697 3889 848 3949 Nrc.
894 3888 1056 3957 Quid
1077 3886 1208 3948 ita?
1291 3887 1471 3948 Dsu.
1515 3888 1675 3957 Quia
1700 3888 1854 3949 cutis
1880 3886 2153 3948 abscedit
2178 3889 2705 3951 masturbantibus.

405 3979 466 4039 N
471 3999 560 4040 rc.
606 3979 912 4059 Optimum
942 3982 1118 4061 igitur
1147 3981 1318 4040 nobis
1344 3992 1439 4041 est
1465 4000 1575 4061 pro
1599 3981 1879 4061 praesenti
1902 3999 2093 4041 rerum
2118 3989 2300 4053 statu,
2321 3993 2387 4041 ut
2406 3983 2708 4062 supplices

403 4071 751 4133 accidamus
779 4074 860 4133 ad
888 4074 1148 4153 cujusvis
1179 4073 1416 4153 signum
1446 4073 1563 4133 dei.
1649 4073 1825 4136 Dan.
1872 4074 2173 4155 Signum?
2214 4074 2391 4153 quale
2426 4076 2707 4155 signum?

405 4164 632 4233 Quaeso
661 4167 842 4238 enim,
869 4177 1124 4246 putasne
1167 4186 1302 4228 esse
1331 4166 1526 4227 deos?
1612 4165 1764 4227 Nrc.
1808 4167 1939 4247 Ego
1968 4165 2232 4246 quidem.
2319 4166 2496 4229 Dan.
2541 4169 2708 4238 Quo-

403 4277 540 4320 nam
569 4279 709 4320 vero
735 4259 987 4321 edoctus
1015 4259 1412 4339 argumento?
1496 4259 1649 4321 Nm.
1692 4259 1849 4335 Quin
1868 4261 1983 4320 diis
2004 4260 2231 4320 invisus
2258 4279 2387 4320 sum
2419 4261 2707 4320 immerito

406 4373 561 4413 meo.
647 4352 827 4413 Dsu.
859 4353 1070 4414 facile
1099 4373 1194 4414 me
1238 4353 1490 4414 adducis
1515 4354 1575 4412 in
1622 4364 1787 4413 tuam
1816 4354 2191 4415 sententiam.
2276 4353 2427 4412 Nrc.
2472 4351 2593 4411 Sed
2616 4351 2707 4411 di·

403 4446 724 4526 spiciamus
754 4446 929 4508 aliam
961 4447 1268 4508 rationem.
1357 4447 1537 4508 Dan.
1578 4447 1715 4508 Vin'
1744 4457 1809 4510 ut
1838 4467 1961 4508 rem
2004 4465 2237 4508 omnem
2268 4439 2709 4526 spectatoribus
