3059 5059
494 369 607 429 142
1230 360 2020 423 ARISTOPHANIS
2343 360 2782 445 [1435--1498

474 495 642 576 justo
668 494 864 577 potius
892 494 1090 568 modo,
1132 513 1313 575 quam
1354 494 1556 554 litibus
1599 493 1980 555 consuendis.
2066 494 2221 555 Src.
2253 492 2307 553 Ο
2348 494 2526 563 bone,
2565 510 2644 551 ne
2685 506 2784 549 me

487 590 820 670 praeceptis‚
850 588 957 649 sed
986 588 1097 649 alis
1124 589 1415 649 instruas.
1448 586 1682 648 Fra-1⁸11.
1711 586 1892 647 Nunc
1915 606 2100 667 quum
2120 586 2256 647 hoec
2279 586 2436 661 dico,
2463 584 2592 645 alas
2619 580 2786 641 addo

486 682 617 745 tibi.
701 684 854 743 Src.
884 683 962 742 Et
982 680 1280 761 quomodo
1327 690 1395 740 tu
1438 681 1630 740 verbis
1679 681 1976 741 hominem
2027 680 2248 741 alatum
2285 674 2738 741 concinnantia
2759 672 2787 730 ἒ

488 779 719 841 Prsrn.
780 779 1002 840 Omnes
1056 779 1270 850 verbis,
1320 788 1606 857 tanquam
1657 777 1788 850 alis,
1833 776 2219 837 extolluntur.
2303 778 2460 835 SYc.
2509 768 2786 834 Omnes?

487 872 722 933 Prs‘rn.
750 872 965 934 Nonne
994 870 1271 931 audivisti
1299 871 1360 930 in
1384 870 1694 929 tonstrinis
1721 880 1920 951 patres
1951 869 2278 930 identidem
2312 868 2508 929 dicere
2545 864 2788 933 adoles·

487 964 787 1026 centulis?
862 962 1135 1044 Mirifice
1156 972 1415 1045 gnatum
1441 982 1622 1023 metm
1649 964 2144 1025 adolescentulum
2189 962 2544 1041 Diitreploes
2570 977 2790 1019 mo-

491 1058 669 1117 nibus
690 1060 835 1130 suis,
864 1060 1033 1139 quari
1059 1057 1173 1117 alis
1200 1056 1449 1129 additis,
1478 1056 1741 1135 impulit,
1761 1064 1831 1117 ut
1859 1076 2035 1137 equos
2061 1058 2348 1136 agitaret.
2433 1052 2604 1112 Alius
2645 1069 2788 1110 vero

490 1150 780 1230 quispiam
810 1150 953 1209 dicit
982 1150 1166 1209 filium
1196 1169 1366 1209 suum
1404 1147 1483 1209 ad
1526 1149 1872 1209 scribendas
1923 1149 2242 1227 tragoedias
2297 1146 2424 1206 alas
2477 1143 2792 1215 sumsisse,

488 1255 863 1322 mentemque
879 1243 1005 1323 ejus
1032 1242 1188 1303 circa
1220 1241 1381 1301 illam
1424 1262 1546 1301 rem
1587 1242 1852 1301 volitare.
1937 1242 2092 1301 SYc.
2140 1242 2376 1319 Ergone
2419 1237 2792 1298 sermonibus

490 1336 665 1396 etiam
691 1336 959 1396 homines
989 1334 1129 1394 alati
1157 1333 1353 1394 fiunt?
1418 1334 1647 1394 Pis-m.
1681 1334 1883 1405 Fiunt,
1912 1334 2152 1413 inquam
2178 1354 2196 1393 t
2245 1353 2386 1393 nam
2413 1329 2790 1392 sermonibus

490 1428 756 1487 sublimis
786 1429 1027 1506 erigitur
1050 1428 1304 1500 animus,
1332 1438 1509 1507 atque
1535 1428 1715 1487 bomo
1765 1427 2089 1489 extollitur.
2175 1427 2268 1487 Ita
2287 1436 2349 1486 te
2393 1426 2571 1485 etiam
2619 1442 2792 1483 erec-

486 1536 613 1582 tum
642 1521 776 1581 volo
803 1520 933 1581 utili
958 1521 1259 1581 oratione:
1314 1530 1656 1581 convertere
1685 1521 1764 1581 ad
1791 1539 1972 1601 opera
2012 1520 2290 1581 honesta.
2371 1520 2526 1579 Src.
2547 1518 2633 1576 At
2673 1536 2794 1595 ego

488 1616 649 1675 nolo.
744 1614 976 1673 Prsrn.
1033 1613 1195 1681 Quid
1252 1632 1393 1693 ergo
1446 1612 1673 1673 facies?
1749 1614 1904 1674 Src.
1933 1613 2198 1673 Familioe
2253 1632 2404 1671 meae
2453 1610 2596 1670 nolo
2649 1628 2794 1669 esse

488 1706 787 1767 dedecori.
869 1706 1108 1766 Avitum
1136 1704 1277 1765 mihi
1301 1708 1435 1767 vitae
1465 1726 1656 1785 genus
1683 1717 1778 1767 est
1801 1705 2124 1765 delatorem
2153 1724 2352 1784 agere.
2435 1704 2556 1763 Sed
2585 1712 2650 1762 tu
2691 1720 2794 1761 me

489 1799 600 1860 alis
621 1800 845 1859 instrue
874 1798 1174 1859 velocibus
1204 1808 1265 1859 et
1292 1798 1542 1873 levibus,
1569 1798 1890 1878 accipitris,
1917 1808 2024 1858 aut
2071 1798 2294 1878 strigis,
2339 1806 2424 1867 ut,
2467 1807 2798 1877 postquam

488 1894 832 1974 peregrinos
862 1892 1143 1964 citavero,
1173 1902 1234 1950 et
1254 1910 1458 1952 eorum
1486 1891 1705 1952 deinde
1733 1892 1856 1953 illic
1902 1891 2062 1971 apud
2107 1893 2492 1971 magistratus
2545 1889 2798 1950 nomina

490 1985 781 2055 detulero,
810 1998 1021 2063 postea
1060 2004 1291 2043 rursum
1334 1984 1491 2045 istuc
1534 1985 1749 2045 volem.
1834 1984 2066 2045 Prs'rn.
2097 1983 2372 2064 intelligo
2395 2004 2414 2043 ι
2463 1983 2550 2043 sic
2595 1982 2750 2044 dicis
2781 2002 2800 2042 z

492 2090 562 2138 ut
588 2078 859 2137 nimirum
902 2074 1329 2137 condemnetur
1374 2077 1517 2149 illic,
1561 2088 1884 2158 antequam
1921 2097 1994 2137 eo
2043 2078 2370 2149 advenerit,
2416 2077 2800 2157 peregrinus.

494 2171 647 2231 SYc.
695 2169 945 2229 Prorsus
969 2169 1269 2248 intelligis.
1340 2170 1414 2229 Pr
1424 2190 1572 2230 arn.
1595 2169 1820 2230 Pestis
1847 2170 2088 2249 quidem
2116 2171 2256 2231 illuc
2277 2170 2520 2249 navigat
2544 2188 2802 2231 causam

492 2263 795 2347 dicturus:
854 2273 918 2322 tu
945 2282 1083 2322 vero
1108 2264 1333 2323 interea
1377 2264 1534 2324 istuc
1581 2262 1835 2337 revolas,
1875 2274 2148 2343 rapturus
2197 2263 2326 2343 ejus
2367 2265 2546 2323 bona.
2631 2263 2800 2323 ch.

490 2358 644 2418 Rem
664 2369 857 2417 tenes.
939 2356 993 2413 A
1037 2356 1267 2415 turbine
1312 2356 1459 2416 nihil
1502 2376 1598 2417 me
1646 2356 1882 2417 differre
1919 2366 2170 2435 oportet.
2253 2354 2804 2433 Prsrn.1ntelligo

489 2453 802 2513 turbinem.
911 2448 1112 2528 Atque
1167 2448 1381 2529 edepol
1426 2458 1568 2509 sunt
1620 2450 1767 2509 mihi
1821 2448 2231 2529 pulcherrime
2299 2448 2412 2509 alae
2476 2448 2804 2526 Corcyreae

488 2541 921 2625 hujuscemodi.
1006 2542 1159 2604 Src.
1187 2543 1297 2601 Voe
1322 2542 1462 2603 mihi
1488 2542 1740 2603 misero!
1782 2542 2068 2603 scuticam
2097 2542 2306 2602 habes.
2364 2541 2596 2600 szrn.
2643 2540 2806 2601 Aias

492 2636 752 2721 quidem,
794 2634 1011 2717 quibus
1068 2654 1181 2714 ego
1236 2634 1408 2696 hodie
1458 2645 1517 2695 te
1571 2636 1756 2696 instar
1803 2636 2051 2695 turbinis
2103 2635 2318 2700 faciam
2365 2633 2804 2696 circumrotari.

492 2734 649 2793 Sto.
692 2732 827 2789 Heu
854 2748 947 2789 me
986 2728 1291 2789 miserum!
1396 2728 1630 2789 Prsrfl.
1675 2728 1815 2788 Non
1855 2730 1996 2789 hinc
2043 2726 2353 2789 avolabis?
2395 2746 2516 2787 non
2546 2739 2612 2787 tu
2648 2726 2806 2787 hinc

493 2824 660 2885 ocius
687 2824 747 2883 in
768 2822 983 2883 malam
1012 2840 1135 2881 rem
1164 2822 1372 2895 abibis,
1400 2821 1841 2901 perditissime?
1887 2823 2160 2883 acerbam
2189 2822 2316 2901 jam
2357 2841 2518 2882 nunc
2561 2822 2806 2900 experi-

492 2918 609 2978 eris
638 2914 1011 2996 pervertendi
1038 2913 1190 2993 juris
1218 2915 1524 2975 malitiam.
1594 2916 1722 2975 Nos
1750 2916 2034 2975 abeamus
2062 2915 2328 2977 collectis
2357 2914 2490 2974 alis.
2573 2914 2812 2975 Onon.

496 3011 694 3071 Multa
718 3028 863 3069 sane
886 3019 945 3069 et
970 3026 1125 3067 nova
1152 3018 1213 3067 et
1238 3007 1525 3068 mirabilia
1547 3008 1850 3070 volitando
1879 3007 2292 3087 eognovimus,
2313 3019 2376 3069 et
2399 3026 2494 3067 res
2513 3007 2808 3083 vidimus,

496 3121 649 3182 quas
678 3120 851 3161 nemo
880 3099 1053 3159 facile
1090 3100 1311 3161 credat.
1396 3100 1596 3163 Enata
1634 3110 1728 3161 est
1767 3102 1924 3162 enim
1973 3104 2146 3162 arbor
2187 3100 2462 3181 quaedam
2501 3102 2812 3180 peregrini

498 3192 817 3255 admodum
845 3204 907 3252 et
932 3192 1185 3253 inauditi
1212 3193 1468 3272 generis,
1498 3214 1538 3253 a
1563 3194 1742 3255 corde
1771 3194 2168 3274 longiuscule,
2203 3194 2565 3275 Cleonymus
2607 3192 2809 3267 dicta,

497 3286 646 3347 nulli
666 3285 905 3367 quidem
932 3285 1014 3343 rei
1040 3285 1220 3357 utilis,
1258 3297 1323 3345 at
1372 3286 1459 3347 sic
1518 3296 1718 3347 tamen
1768 3286 1978 3347 timida
2019 3297 2080 3347 et
2133 3304 2372 3366 magna.
2457 3286 2606 3347 Haec
2655 3306 2808 3347 vere

500 3399 730 3459 semper
756 3377 1067 3456 germinat,
1106 3387 1167 3438 et
1214 3379 1636 3458 sycophantias
1681 3380 1834 3441 edit:
1895 3391 1960 3441 at
1997 3381 2052 3441 ei
2103 3379 2292 3441 hieme
2337 3398 2536 3441 rursus
2575 3379 2810 3460 clypei,

499 3481 781 3551 tanquam
808 3470 969 3543 folia,
998 3470 1287 3532 defluunt.
1372 3473 1483 3533 Est
1504 3472 1706 3533 itidem
1734 3474 1906 3535 locus
1954 3472 2168 3552 aliquis
2205 3474 2366 3553 apud
2415 3473 2578 3552 ipsas
2627 3485 2814 3533 tene-

496 3566 660 3636 bras,
686 3563 824 3625 hinc
842 3563 1048 3645 procul
1070 3564 1129 3623 in
1158 3564 1529 3627 lucernarum
1577 3568 1833 3641 vastitie,
1869 3567 1972 3627 ubi
2023 3586 2158 3628 cum
2202 3565 2479 3627 heroibus
2526 3565 2814 3629 homines

500 3677 623 3719 una
650 3656 944 3736 prandent
984 3668 1045 3717 et
1086 3670 1529 3733 conversantur,
1559 3671 1952 3741 praeterquam
1997 3660 2247 3739 vesperi.
2333 3660 2405 3717 Id
2449 3659 2604 3719 enim
2643 3670 2814 3719 tem-

502 3750 665 3832 poris
692 3770 809 3811 non
840 3751 1091 3830 amplius
1118 3766 1243 3819 erat
1270 3764 1462 3813 tutum
1490 3754 1722 3815 obviam
1761 3754 1878 3814 illis
1925 3754 2070 3813 fieri.
2155 3754 2220 3813 Si
2261 3753 2394 3831 quis
2441 3752 2598 3813 enim
2639 3772 2816 3813 mor-

502 3844 708 3905 talium
736 3845 1087 3905 occurrisset
1124 3844 1355 3907 Orestoe
1382 3846 1548 3907 heroi
1589 3859 1791 3922 noctu,
1820 3846 2156 3907 nudabatur
2187 3846 2474 3919 vestibus,
2501 3847 2576 3906 ab
2603 3864 2818 3927 eoque.

502 3936 943 4017 percutiebatur
966 3948 1163 4017 partes
1191 3940 1451 4019 corporis
1478 3960 1746 4022 quasque
1776 3940 2114 4001 nobiliores.

587 4030 801 4091 Pnou.
834 4030 887 4089 Ο
916 4052 1008 4091 me
1035 4031 1361 4093 infelicem!
1415 4054 1658 4094 caveam
1697 4033 1878 4095 modo
1921 4054 1996 4095 ne
2039 4054 2134 4094 me
2177 4034 2409 4115 Jupiter
2449 4032 2824 4113 conspiciat.

509 4122 625 4183 Ubi
656 4132 750 4184 est
777 4123 1211 4185 Pisthetaerus?
1284 4126 1517 4189 Pisa-11.
1565 4128 1742 4201 Hem,
1789 4127 1932 4208 quid
1980 4126 2098 4187 boc
2143 4126 2276 4187 est?
2327 4125 2510 4199 Quid,
2555 4125 2824 4201 malum,

508 4217 619 4279 sibi
656 4216 779 4277 vult
819 4215 952 4278 hoec
989 4218 1199 4297 capitis
1240 4219 1586 4281 obvolutio?
1669 4221 1885 4281 Prion.
1938 4220 2276 4281 Deorumne
2320 4219 2422 4280 hic
2465 4219 2832 4299 quempiam

506 4330 663 4391 pone
685 4330 779 4370 me
806 4310 1019 4371 vides?
1100 4312 1325 4375 Pis-ru.
1356 4313 1904 4395 Nullumequidem
1933 4314 2154 4376 hercle.
2238 4314 2388 4383 Quis
2412 4332 2554 4373 vero
2583 4324 2650 4372 tu
2693 4332 2764 4372 es
2787 4312 2832 4371 ’ἕ

508 4403 725 4467 Pnou.
771 4404 1087 4473 Quodnam
1130 4406 1307 4485 igitur
1348 4407 1461 4469 diei
1506 4420 1740 4488 tempus
1777 4407 1921 4468 est?
2005 4408 2236 4468 Prsrn.
2277 4403 2636 4474 Quodnam?
2693 4404 2836 4465 ali-

512 4496 863 4575 quantulum
888 4510 1029 4576 post
1076 4498 1398 4564 meridiem.
1482 4502 1564 4563 At
1611 4512 1698 4575 tu,
1741 4501 1874 4583 quis
1921 4499 2028 4563 es?
2109 4500 2328 4565 Paon.
2380 4498 2714 4563 Inclinatne
2743 4497 2840 4560 in
