3059 5059
444 415 565 474 202
1190 406 2002 471 AarsroPnAms
2386 408 2744 491 [eor-⁸6⁸

446 542 579 602 eine
646 537 773 601 ullo
818 536 1079 619 cujusvis
1128 536 1579 601 intertrimento.
1685 538 2006 601 Panas-ium
2053 534 2294 618 quidem
2347 534 2590 617 plenum
2643 544 2742 596 ert

449 634 590 696 alba
614 632 839 693 farina:
888 630 1187 713 amphorae
1212 641 1413 693 autem
1448 633 1590 693 vino
1615 633 1795 694 rubro
1831 631 2152 709 fragranti:
2197 639 2445 710 argento
2489 640 2552 689 et
2593 646 2738 689 auro

450 726 653 790 omnia
679 726 852 786 nobis
888 744 1035 785 vasa
1058 724 1265 787 efferta
1290 735 1453 799 sunt,
1504 724 1658 785 adeo
1705 736 1774 785 ut
1819 723 2012 784 mirari
2049 724 2288 785 subeat:
2330 732 2548 802 puteua
2603 720 2739 783 oleo

448 819 699 901 plenus:
766 817 1043 898 ampulla».
1095 818 1413 898 unguentis
1468 818 1737 885 referte:
1787 815 2156 878 coenaculnm
2211 816 2441 877 caricia-
2523 815 2744 875 Aeeta-

448 913 595 973 bula
619 911 837 985 omnia,
854 920 915 972 et
936 909 1197 991 putenm,
1221 919 1285 972 et
1302 910 1438 971 ollae
1459 930 1633 971 mrem
1652 910 1778 991 jam
1807 920 1988 971 aunt:
2015 908 2298 985 scutellae
2323 926 2464 969 vero
2477 906 2742 988 putidae,

450 1004 735 1087 piscarias
771 1003 929 1078 illas,
962 1014 1276 1084 argentean
1320 1004 1447 1084 jam
1502 1003 1705 1065 videre
1745 1013 1881 1065 eatz
1936 1002 2272 1083 muscipula
2321 1012 2518 1061 autem
2566 1000 2740 1061 nobis

449 1108 691 1180 repente
715 1098 875 1158 facta
900 1106 995 1158 est
1020 1099 1303 1159 eburnea.
1383 1098 1466 1157 At
1490 1116 1604 1159 noa
1636 1096 1842 1158 famuli
1882 1096 2142 1157 ludimus
2181 1114 2290 1175 par
2329 1095 2518 1173 impar
2557 1102 2744 1154 atate-

446 1192 612 1253 ribua
638 1192 866 1253 aureis:
913 1201 1085 1252 natea
1115 1200 1311 1253 autem
1328 1186 1716 1271 detergimus}
1743 1210 1860 1251 non
1887 1189 2104 1270 lapillis
2131 1187 2406 1268 amplius,
2435 1184 2541 1247 aed
2567 1185 2746 1258 alliis,

447 1304 576 1366 proe
602 1284 855 1357 luxuria,
902 1301 1154 1364 semper.
1238 1283 1315 1343 Et
1346 1302 1505 1343 nunc
1547 1283 1726 1345 herus
1766 1282 2007 1363 quidem
2051 1298 2220 1341 meua
2265 1279 2530 1339 immolat
2574 1298 2744 1339 auem

448 1388 511 1438 et
536 1376 763 1437 hircum
793 1386 855 1436 et
879 1377 1121 1437 arietem
1146 1386 1503 1436 coronatur:
1533 1391 1630 1431 me
1647 1384 1846 1433 autem
1875 1372 2034 1433 exire
2055 1372 2342 1451 compulit
2365 1371 2600 1443 sumus:
2630 1392 2744 1433 nec

449 1471 607 1532 enim
640 1477 907 1548 poteram
930 1468 1091 1529 intus
1121 1486 1357 1529 manere
1377 1487 1395 1524 t
1452 1484 1590 1525 nam
1617 1464 1930 1543 palpebras
1957 1463 2100 1523 mihi
2147 1463 2476 1526 mordebat.
2558 1464 2746 1526 Juar.

452 1563 713 1640 Sequere
739 1578 859 1630 me,
886 1576 1053 1638 puer,
1079 1570 1149 1617 ut
1176 1558 1255 1617 ad
1284 1557 1479 1618 Deum
1522 1573 1749 1618 eamus.
1831 1555 2103 1617 Cannu.
2149 1556 2259 1617 Eia
2298 1557 2433 1635 quia
2475 1556 2590 1617 iate
2629 1568 2748 1627 eat,

448 1654 553 1735 qui
585 1653 703 1713 huc
760 1650 1036 1712 accedit?
1113 1650 1151 1709 J
1158 1668 1299 1711 nar.
1343 1650 1542 1710 Homo
1592 1650 1753 1730 priua
1808 1648 2049 1728 quidem
2099 1650 2297 1725 miser,
2344 1668 2504 1711 nunc
2547 1660 2748 1711 autern

448 1746 811 1807 fortunatus.
882 1744 1167 1804 'Canem
1208 1744 1477 1824 Apparet
1520 1762 1558 1802 e
1604 1762 1847 1803 numero
1889 1743 2178 1803 bonorum
2219 1753 2280 1802 te
2321 1761 2477 1805 ease.
2555 1743 2594 1802 J
2603 1762 2748 1804 un·-

451 1838 735 1899 Maxime.
820 1837 1093 1898 Cannu.
1136 1834 1298 1905 Quid
1337 1836 1540 1917 itaque
1577 1836 1670 1897 via
1717 1834 1872 1897 tibi?
1951 1835 2137 1898 δυο-ιθ.
2180 1835 2277 1896 Ad
2333 1836 2509 1897 deum
2561 1836 2744 1896 istum

446 1930 658 1992 venio:
708 1948 846 1989 nam
862 1930 913 1990 ia
941 1929 1085 1990 mibi
1112 1948 1459 2009 magnorum
1480 1932 1770 1991 bonorum
1791 1938 1996 1990 auctor
2025 1940 2138 1991 eat.
2222 1928 2352 2010 Ego
2379 1930 2535 1990 enim
2560 1948 2746 2010 quum

450 2024 765 2087 facultates
786 2023 933 2083 satie
962 2023 1191 2103 amplas
1219 2042 1256 2083 a
1280 2032 1448 2103 patre
1472 2021 1866 2085 mihirelietas
1893 2020 2280 2103 accepissem,
2323 2023 2750 2083 subveniebant

447 2116 723 2197 inopibus
746 2116 974 2189 amicis,
1002 2116 1349 2177 existimans
1376 2116 1490 2176 hoc
1518 2117 1580 2175 in
1609 2116 1732 2176 vita
1763 2136 1899 2177 esse
1943 2118 2106 2178 utile.
2188 2116 2460 2177 Cannu.
2501 2115 2750 2189 Mirum,

450 2210 515 2270 ni
540 2220 601 2270 te
626 2209 747 2269 cito
774 2208 1058 2270 defecerit
1082 2210 1355 2292 pecunia.
1438 2208 1622 2271 ἄση.
1673 2210 1956 2271 Omnino.
2039 2209 2312 2271 Cannu.
2358 2212 2564 2290 ltaque
2605 2230 2752 2291 poe-

448 2313 553 2365 tea
586 2303 763 2362 miser
806 2300 982 2363 eras?
1060 2303 1097 2363 J
1106 2322 1247 2363 σιτ.
1292 2302 1574 2364 Omnino.
1619 2303 1700 2363 Et
1733 2322 1849 2383 ego
1878 2302 2114 2383 quidem
2155 2304 2498 2379 arbitrabar,
2535 2303 2750 2385 quibus

452 2407 629 2457 antea
654 2394 1082 2456 benefecisaem
1122 2396 1544 2477 indigentibus,
1575 2416 1679 2458 eoa
1721 2417 1817 2459 me
1853 2397 2188 2459 habiturum
2225 2399 2448 2460 amicos
2488 2418 2626 2460 vere
2649 2400 2752 2459 fir-

450 2508 602 2562 mos,
632 2487 925 2569 siquando
946 2508 1218 2569 egerem:
1278 2489 1362 2549 illi
1390 2501 1586 2551 autem
1613 2509 1708 2550 me
1738 2492 2178 2565 aversabantur,
2208 2502 2271 2554 et
2303 2510 2400 2552 me
2443 2490 2644 2551 videre
2683 2510 2752 2551 ae

448 2580 925 2643 dissimulabant.
1040 2582 1311 2643 Cannu.
1380 2582 1575 2643 Etiam
1633 2582 1982 2644 deridebant
2036 2595 2117 2658 te,
2173 2593 2267 2645 sat
2321 2582 2472 2647 acio.
2562 2584 2754 2645 Just.

452 2674 734 2736 Omnino.
832 2674 1084 2755 Squalor
1124 2675 1281 2737 enim
1336 2694 1485 2736 mem
1543 2676 1924 2757 supellectilia
1975 2696 2072 2738 me
2123 2676 2398 2759 perdidit.
2476 2676 2756 2739 Cannu.

452 2767 577 2829 Sed
610 2768 735 2848 jam
762 2786 883 2829 non
902 2766 1175 2847 amplius.
1256 2768 1292 2829 J
1301 2788 1441 2831 trs-r.
1482 2770 1812 2850 Eapropter
1837 2768 1915 2829 ad
1959 2769 2137 2832 deum
2187 2771 2396 2833 merito
2441 2770 2561 2833 huc
2594 2770 2760 2843 veni,

450 2871 519 2921 ut
540 2882 673 2923 eum
703 2860 964 2922 adorem.
1044 2860 1315 2923 Cannu.
1359 2862 1480 2923 Sed
1509 2862 1658 2943 quid
1679 2862 1957 2927 detritum
1985 2864 2230 2944 pallium
2257 2864 2400 2925 facit
2431 2863 2510 2925 ad
2549 2863 2755 2938 deum,

450 2954 614 3033 quod
643 2954 756 3014 fert
774 2972 921 3033 puer
944 2953 1064 3026 hic,
1091 2954 1196 3031 qui
1220 2952 1281 3014 t'e
1310 2953 1674 3017 comitatur?
1717 2955 1814 3017 dic
1837 2954 1998 3015 mihi.
2081 2955 2268 3019 διιεῖ.
2313 2956 2391 3016 Et
2425 2956 2540 3017 hoc
2581 2956 2758 3018 dedi-

450 3057 695 3109 caturus
738 3046 817 3106 ad
861 3046 1037 3105 deum
1084 3045 1279 3104 venio.
1360 3049 1631 3109 Cannu.
1677 3049 1834 3109 Num
1866 3050 1925 3107 in
1971 3049 2088 3110 hoc
2135 3048 2317 3131 pallio
2375 3050 2640 3111 initiatus
2687 3070 2758 3111 ee

452 3138 776 3219 majoribus
794 3134 1133 3216 mysteriis?
1183 3135 1250 3195 ,J
1258 3153 1401 3199 11⁸1.
1446 3139 1624 3201 Non:
1677 3161 1878 3202 verum
1899 3142 1958 3201 in
1982 3162 2054 3204 eo
2079 3143 2193 3203 alai
2218 3161 2409 3203 annos
2445 3142 2754 3205 tredecim.

452 3230 729 3295 Cinam.
768 3226 1175 3291 Calceivero?
1255 3227 1544 3288 susam
1569 3231 1668 3289 isti
1695 3250 1818 3291 una
1838 3232 2146 3295 hibernum
2171 3235 2360 3315 frig-ue
2405 3235 2758 3297 tolerarunt.

454 3327 731 3387 Cmtmr.
776 3323 935 3403 Ergo
962 3321 1109 3382 ictos
1134 3320 1314 3381 etiam
1352 3319 1724 3383 dedicandos
1774 3326 2084 3387 adtulistii
2163 3329 2350 3390 Jusr.
2396 3329 2488 3389 lta
2535 3328 2760 3390 hercle.

454 3420 731 3479 Cannu.
774 3414 1001 3496 Lepida
1042 3432 1187 3475 sane
1216 3412 1377 3473 dona
1421 3412 1537 3474 deo
1581 3414 1780 3477 serena
1819 3420 2004 3479 venis.
2087 3422 2240 3483 Src.
2287 3421 2400 3482 Hei
2427 3420 2766 3483 infortuna-

452 3521 552 3573 tus
584 3516 733 3591 ego!
779 3526 959 3591 quam
978 3508 1215 3588 penitus
1246 3504 1391 3587 perii
1415 3504 1628 3568 miser!
1671 3528 1707 3570 o
1745 3518 1948 3590 terque
1990 3522 2316 3593 quaterque
2360 3514 2766 3577 infortunatus

452 3614 515 3667 et
549 3601 882 3685 quinquies,
910 3612 971 3663 et
998 3598 1343 3671 duodecies,
1380 3610 1443 3659 et
1490 3600 1953 3665 decies-millies.
2040 3594 2132 3679 Iu,
2161 3605 2259 3665 iul
2315 3606 2398 3666 ita
2449 3606 2766 3689 multiplici

432 3697 699 3759 obrutus
746 3716 878 3757 sum
902 3693 1246 3755 infortunio.
1328 3692 1602 3755 Cannu.
1622 3695 1838 3775 Apollo
1863 3714 2182 3759 aven-unce
2209 3708 2272 3759 et
2292 3698 2374 3759 dii
2401 3704 2764 3763 servatores!

452 3789 600 3869 quid
628 3799 721 3851 eat
746 3786 907 3871 quod
932 3787 1071 3849 huic
1094 3786 1316 3847 homini
1346 3787 1544 3847 evenit
1567 3787 1754 3848 mali?
1795 3789 1950 3851 Sim.
1973 3789 2187 3851 Annon
2217 3809 2355 3852 vero
2383 3791 2762 3854 intoleranda

454 3880 599 3943 mihi
636 3902 797 3943 nunc
836 3889 1156 3943 evenerunt
1198 3878 1405 3939 mala?
1444 3881 1548 3959 qui
1589 3882 1761 3941 amisi
1807 3882 2025 3957 omnia,
2067 3902 2202 3963 quae
2231 3882 2394 3944 domi
2442 3882 2760 3960 habebam,

450 3994 559 4055 per
585 3975 764 4035 deum
787 3974 968 4045 hunc,
990 3974 1093 4054 qui
1120 3972 1354 4033 futurus
1378 3984 1476 4034 est
1500 3992 1700 4035 coecus
1723 3974 1800 4035 de
1837 3976 2089 4055 integro,
2137 3976 2188 4036 si
2235 3974 2416 4037 modo
2452 3976 2590 4057 jura
2631 3996 2759 4039 non

454 4066 751 4129 deficiant.
832 4068 869 4128 J
879 4086 1017 4128 uer.
1062 4065 1193 4145 Ego
1246 4066 1676 4148 propemodum
1733 4087 1858 4130 rem
1905 4086 2269 4149 cognoscere
2317 4088 2412 4131 me
2467 4072 2757 4133 arbitror:

452 4159 686 4223 accedit
710 4160 867 4221 enim
896 4158 1112 4239 aliquis
1139 4176 1459 4239 oppressus
1490 4161 1865 4223 calamitate:
1921 4162 2156 4225 videtur
2183 4173 2378 4225 autem
2399 4180 2534 4224 ease
2573 4164 2756 4227 homo

450 4271 652 4334 pravae
678 4264 861 4315 notoe.
943 4252 1215 4314 Cnanir.
1247 4252 1586 4316 lta·hercle.
1631 4254 1816 4317 Recte
1837 4274 1981 4337 ergo
2001 4256 2057 4318 ei
2074 4258 2164 4331 fit,
2190 4256 2354 4337 quod
2381 4257 2552 4336 perit.
2595 4258 2754 4319 Src.

456 4346 593 4421 Ubi,
618 4347 719 4409 ubi
746 4356 840 4408 est
863 4346 999 4421 iste,
1024 4345 1127 4427 qui
1156 4345 1321 4407 solua
1348 4350 1459 4407 non
1486 4365 1694 4408 omnes
1715 4350 2029 4430 opulentos
2055 4349 2350 4430 extemplo
2371 4368 2438 4411 ae
2457 4350 2756 4412 facturum

448 4438 751 4519 pollicitus
777 4440 986 4513 fuerat,
1026 4436 1283 4501 simodo
1309 4439 1500 4499 visum
1525 4459 1730 4504 rursus
1759 4443 2076 4523 reciperet?
2117 4454 2182 4505 at
2206 4442 2307 4505 ille
2327 4443 2516 4505 multo
2553 4444 2751 4525 potius

448 4530 707 4611 perdidit
730 4531 1070 4596 nonnullos.
1154 4530 1429 4596 Caium.
1470 4531 1552 4597 Et
1575 4554 1893 4619 quemnam
1921 4536 2008 4601 sic
2047 4537 2202 4601 mala
2241 4535 2464 4601 adfecit
2483 4535 2512 4595 ’ἰ
2593 4536 2750 4599 Src.
