3059 5059
466 365 590 425 144
1196 357 1970 420 ARISTOPHANIS
2330 360 2764 438 [1565--1626

550 491 759 553 Nur.
783 490 937 552 Urbs
965 488 1399 563 Nubicuculioe,
1422 489 1511 549 uti
1533 488 1723 562 vides,
1751 487 1882 550 haec
1911 497 2026 560 est,
2055 486 2132 547 ad
2154 505 2335 567 quam
2363 487 2546 568 legati
2575 487 2770 548 mitti·-

468 605 618 648 mur.
701 584 867 644 Heus
888 594 975 656 tu,
1012 581 1159 662 quid
1188 582 1364 664 agis?
1387 581 1602 643 adeon·
1626 581 1688 642 in
1718 580 2018 642 sinistrum
2035 580 2193 641 latus
2235 579 2426 660 rejicis
2465 579 2762 661 pallium?

466 697 665 742 noune
700 689 767 738 tu
795 677 857 737 id
884 685 1193 737 convertes
1220 677 1297 738 ad
1326 674 1644 736 dextram?
1695 674 1876 747 Quid,
1905 673 2248 748 miserrime,
2275 673 2488 736 eodem
2535 684 2766 734 natum

466 771 609 834 vitio
636 770 893 842 laboras,
920 789 1040 850 quo
1068 767 1462 849 Laespodias?
1516 767 1574 827 Ο
1600 767 1906 849 popularis
1924 767 2186 840 lieentia,
2207 785 2328 847 quo
2367 787 2480 828 nos
2519 767 2766 828 tandem

466 864 656 945 cogis,
684 865 734 925 si
760 864 999 943 quidem
1020 862 1181 923 hunc
1226 861 1582 942 delegerunt
1619 861 1884 942 legatum
1931 859 2060 920 dii!
2137 861 2335 922 Tau.
2360 859 2524 931 Quin
2569 861 2766 941 quies-

464 955 598 1018 cis?
679 955 886 1018 Nar-r.
918 955 1081 1016 Male
1110 973 1351 1034 pereas:
1412 955 1708 1016 enimvero
1735 963 1797 1014 te
1848 953 1971 1014 vidi
2015 954 2276 1015 omnium
2323 955 2511 1016 multo
2550 955 2768 1015 barba-

462 1051 759 1113 tissimum
810 1049 1077 1110 deorum.
1158 1049 1289 1128 Age
1340 1065 1502 1120 vero,
1569 1046 1877 1120 Hercules,
1930 1046 2075 1128 quid
2129 1047 2462 1108 faciemus?
2545 1045 2763 1108 Hanc.

466 1142 709 1204 Dudum
732 1143 837 1204 tibi
878 1141 1021 1216 dixi,
1062 1139 1231 1201 illum
1282 1139 1579 1202 hominem
1631 1159 1726 1202 me
1771 1140 1928 1201 ‘velle
1985 1140 2378 1219 strangulare,
2427 1140 2764 1220 quicunque

462 1235 705 1298 tandem
732 1235 831 1309 sit,
858 1237 959 1316 qui
981 1234 1163 1295 ducto
1211 1253 1379 1294 muro
1422 1233 1570 1295 deos
1612 1233 1962 1294 interclusit.
2045 1235 2256 1294 Narr.
2309 1232 2454 1304 Sed,
2497 1251 2536 1292 o
2583 1234 2764 1306 bone,

462 1329 681 1391 delecti
708 1347 913 1389 sumus
930 1326 1005 1388 de
1026 1346 1175 1408 pace
1202 1326 1406 1406 legati.
1486 1327 1698 1388 Hanc.
1728 1326 1922 1387 Tanto
1949 1326 2142 1406 magis
2171 1325 2336 1386 illum
2387 1323 2760 1406 strangulare

461 1437 687 1484 certum
715 1431 828 1482 est.
914 1419 1145 1480 szrn.
1174 1419 1472 1480 Radulam
1491 1418 1598 1480 det
1621 1419 1766 1478 mihi
1795 1420 2127 1500 quispiam:
2157 1419 2326 1480 adfer
2347 1418 2758 1500 laserpitiumz

460 1534 703 1576 caseum
748 1514 883 1594 quis
938 1511 1249 1594 adportet:
1305 1513 1534 1573 suscita
1585 1513 1895 1574 carbones.
1998 1513 2211 1573 Hzac.
2269 1511 2476 1572 Virum
2531 1511 2762 1578 salvere

450 1606 729 1687 jubemus
758 1625 869 1668 nos
889 1605 974 1666 dii
1000 1616 1141 1666 tres.
1196 1605 1431 1665 Prsrn.
1456 1605 1576 1666 Sed
1597 1624 1794 1666 rasum
1813 1606 2096 1686 inspergo
2116 1605 2504 1686 laserpitium.
2547 1604 2762 1666 Hanc.

460 1700 648 1781 Cujus
677 1711 875 1760 autern
922 1698 1055 1759 istae
1112 1709 1251 1759 suut
1306 1699 1560 1759 carnes?
1642 1699 1874 1760 Prs‘rn.
1933 1701 2092 1760 Aves
2141 1697 2420 1778 quoedam
2469 1717 2758 1758 novarum

456 1811 651 1854 rerum
674 1791 869 1853 studio
888 1809 1187 1870 aggressae
1216 1791 1532 1873 populares
1562 1811 1702 1853 aves
1731 1792 1955 1872 injusta
1991 1801 2364 1874 perpetrasse
2404 1793 2550 1852 visoe
2591 1797 2760 1854 sunt.

462 1885 673 1946 Hsac.
700 1885 849 1944 Tum
878 1893 941 1943 tu
988 1883 1144 1957 illas,
1196 1885 1427 1956 amabo,
1479 1885 1780 1965 laserpitio
1833 1884 1997 1964 prius
2048 1883 2442 1966 couspergis?
2515 1883 2760 1946 ‘Pisa-n.

458 1979 657 2050 Salve,
678 1977 968 2038 Hercules
993 1997 1009 2045 ς
1062 1976 1207 2057 quid
1236 1976 1375 2036 est?
1460 1977 1674 2038 Hane.
1705 1978 1914 2056 Legati
1939 1978 2058 2037 huc
2087 1977 2250 2038 missi
2278 1978 2546 2038 venimus
2575 1995 2615 2038 a
2637 1977 2758 2038 dii's

458 2069 537 2132 de
563 2070 725 2132 bello
752 2069 1188 2149 componendo.
1270 2071 1441 2130 Fau.
1464 2070 1682 2130 Oleum
1705 2089 1826 2129 non
1853 2071 2012 2130 inest
2039 2070 2099 2130 in
2150 2071 2435 2151 ampulla.
2517 2069 2754 2132 Pisa-11.

457 2163 639 2245 Atqui
684 2164 937 2245 pingues
980 2183 1115 2224 esse
1158 2163 1421 2224 aviculas
1470 2163 1771 2224 convenit.
1853 2163 2066 2223 Hanc.
2097 2162 2286 2223 Nobis
2333 2163 2490 2223 euim
2533 2163 2758 2224 bellum

456 2277 659 2339 gerere
688 2255 831 2316 nihil
858 2255 1005 2317 lucri
1034 2253 1261 2317 adfert:
1312 2274 1560 2336 vosque,
1592 2257 1647 2315 si
1676 2256 1850 2316 nobis
1877 2255 1990 2315 diis
2019 2256 2230 2316 essetis
2261 2256 2456 2328 amici,
2493 2256 2758 2336 pluviam

454 2367 671 2430 aquam
696 2349 993 2409 haberetis
1018 2349 1079 2408 in
1108 2348 1423 2428 paludibus
1450 2349 1684 2423 vestris,
1723 2347 2160 2428 alcedoniaque
2195 2349 2452 2428 ageretis
2497 2367 2756 2428 semper.

458 2443 553 2504 De
576 2441 706 2503 istis
734 2441 1006 2502 omnibus
1034 2441 1217 2521 legati
1266 2441 1447 2522 plena
1483 2451 1784 2524 potestate
1833 2441 2108 2502 instructi
2147 2443 2438 2502 venimus.
2522 2441 2755 2502 Pus-n.

454 2535 637 2616 Atqui
658 2555 857 2615 neque
905 2553 1171 2614 unquam
1228 2545 1405 2596 antea
1462 2555 1573 2596 nos
1625 2534 2038 2596 lacessivimus
2087 2554 2193 2595 vos
2249 2534 2433 2608 bello,
2485 2545 2550 2596 et
2593 2553 2759 2595 nunc

452 2630 629 2690 etiam
652 2627 843 2707 parati
862 2646 1066 2688 sumus
1094 2627 1423 2701 vobiscum,
1446 2627 1496 2688 si
1524 2627 1779 2700 videtur,
1801 2627 1852 2688 si
1875 2627 2116 2708 quidem
2144 2627 2306 2688 aliud
2347 2629 2550 2700 etiam,
2593 2626 2760 2707 quod

442 2722 674 2804 justum
704 2721 803 2795 sit,
832 2720 1137 2781 volueritis
1163 2721 1381 2791 facere,
1412 2729 1592 2801 pacta
1618 2721 1797 2782 inire:
1839 2720 2216 2782 conditiones
2245 2729 2444 2782 autem
2471 2719 2568 2780 hm
2596 2731 2788 2783 sunt.-

454 2817 766 2896 Sceptrum
796 2825 863 2874 ut
891 2815 1059 2874 nobis
1090 2813 1295 2873 avibus
1324 2812 1525 2873 denuo
1553 2813 1788 2895 Jupiter
1825 2813 2075 2884 reddat:
2131 2824 2310 2893 atque
2349 2815 2436 2874 ita
2477 2815 2761 2876 concilie-

450 2927 606 2970 mur.
688 2908 822 2969 Hac
870 2906 1206 2968 conditione
1272 2906 1506 2986 legatos
1577 2905 1654 2966 ad
1715 2899 2032 2985 prandium
2088 2925 2261 2968 voco.
2345 2907 2561 2968 Hanc.
2604 2907 2758 2970 Mihi

452 3000 692 3082 quidem
717 3000 849 3060 hoec
878 2999 1180 3061 sufficiunt
1220 3009 1282 3060 et
1310 2998 1622 3080 suffragor.
1708 3001 1914 3060 Nar-r.
1945 2999 2130 3073 Quid,
2181 3021 2220 3061 o
2263 3001 2606 3074 miserrime,
2633 3011 2758 3062 tam

452 3092 675 3154 stultus
702 3111 769 3152 es
796 3102 859 3152 et
884 3091 1179 3171 gulosus?
1222 3111 1299 3151 an
1346 3109 1538 3172 regno
1589 3103 1817 3171 patrem
1870 3093 2178 3175 privabis?
2263 3095 2495 3155 Pisa-n.
2525 3096 2760 3158 Siccine

450 3186 633 3248 vero?
688 3205 807 3246 nou
836 3186 990 3246 enim
1018 3202 1125 3244 vos
1148 3184 1231 3245 dii
1258 3185 1396 3266 plus
1422 3186 1711 3266 poteritis,
1755 3187 1804 3254 si
1859 3189 2056 3260 rebus,
2101 3208 2238 3268 quae
2285 3189 2442 3248 infra
2491 3189 2556 3249 in
2599 3198 2760 3250 terra

452 3288 615 3353 sunt,
669 3279 915 3361 proesiut
968 3277 1153 3338 aves?
1238 3277 1413 3338 Nune
1468 3277 1710 3359 quidem
1763 3282 1875 3340 sub
1931 3280 2187 3341 nubibus
2241 3281 2520 3353 latentes,
2575 3293 2758 3362 atque

453 3373 807 3434 inclinantes
829 3389 983 3442 sese,
1010 3370 1281 3450 pejerant
1314 3381 1578 3432 vestrum
1615 3392 1838 3434 numen
1881 3374 2184 3434 mortales.
2267 3375 2428 3436 Aves
2474 3385 2672 3436 autem
2707 3378 2761 3437 si

453 3465 649 3528 socios
676 3463 1020 3537 habueritis,
1048 3463 1288 3544 quando
1315 3465 1449 3544 quis
1477 3485 1720 3528 corvum
1749 3466 2106 3548 adjuraverit
2159 3479 2219 3528 et
2269 3468 2504 3540 Jovam,
2544 3487 2759 3529 corvus

454 3557 533 3618 ad
559 3557 857 3638 perjurum
880 3555 1220 3618 clanculum
1247 3556 1508 3618 volando
1545 3560 1811 3635 accedet,
1857 3579 2320 3641 percussumque
2359 3561 2598 3623 oculum
2643 3561 2762 3642 ipsi

454 3652 735 3712 excutiet.
782 3651 988 3711 Nar-r.
1015 3650 1111 3709 Ita
1136 3669 1232 3711 me
1254 3649 1576 3732 Neptunus
1605 3665 1786 3728 amet,
1807 3655 1926 3714 ista
1951 3654 2308 3735 perpulchre
2327 3654 2500 3715 dicis.
2543 3654 2760 3716 Hanc.

457 3744 727 3823 Mihique
782 3743 960 3804 etiam
1010 3744 1097 3804 sic
1148 3743 1405 3807 videtur.
1488 3746 1724 3809 Pisa-11.
1751 3747 1912 3817 Quid
1967 3761 2166 3809 autem
2223 3759 2288 3809 tu
2344 3748 2472 3810 ais?
2551 3751 2758 3810 Tau.

458 3837 881 3900 Nabaisutreu.
989 3836 1224 3898 P1srn.
1284 3839 1542 3900 Viden’?
1597 3851 1662 3901 et
1711 3841 1814 3902 hic
1865 3842 1983 3902 ista
2037 3843 2404 3923 comproba.
2487 3841 2756 3903 Alterum

454 3950 617 3992 nunc
665 3931 844 3992 etiam
890 3929 1113 4004 audite,
1172 3943 1460 4012 quantum
1518 3934 1684 3994 vobis
1737 3934 2034 3996 commodi
2088 3937 2271 3996 simus
2325 3935 2602 3996 adlaturi.
2687 3935 2754 3994 si

454 4023 589 4104 quis
614 4024 921 4084 hominum
944 4023 1241 4086 victimam
1270 4025 1515 4086 deorum
1541 4026 1718 4087 alicui
1745 4027 1994 4102 voverit,
2019 4027 2240 4089 deinde
2267 4029 2320 4088 is
2347 4039 2486 4090 astu
2521 4027 2754 4100 eludat,

454 4116 539 4178 ita
564 4117 877 4197 inquiensz
912 4118 1138 4198 faciles
1164 4127 1307 4181 sunt
1335 4120 1427 4183 dic·
1472 4128 1532 4183 et
1550 4139 1735 4183 πων-ω
1765 4125 2104 4203 patientes.-
2155 4141 2352 4202 neque
2393 4123 2590 4182 solvat
2627 4137 2756 4202 pro

454 4209 737 4279 avaritiaz
784 4229 897 4270 nos
924 4223 987 4272 et
1010 4213 1130 4272 ista
1148 4213 1473 4294 exigemus.
1559 4215 1764 4278 Nar-r.
1786 4217 1940 4297 Age,
1985 4217 2082 4278 fac
2122 4217 2326 4288 seiam,
2369 4233 2492 4295 quo
2529 4213 2760 4296 pacto?

454 4301 691 4366 Prsrn.
718 4304 785 4365 si
810 4305 962 4366 forte
1001 4304 1465 4370 dinumeraverit
1506 4309 1846 4372 nummulos
1885 4311 1982 4371 hic
2029 4311 2230 4381 homo,
2283 4319 2392 4369 aut
2425 4308 2640 4369 lavans
2691 4307 2760 4368 iu

452 4395 669 4458 balneo
721 4396 1053 4470 consideat,
1101 4399 1318 4462 miluus
1372 4401 1695 4478 devotabit,
1751 4415 2202 4484 surreptumque
2253 4403 2508 4464 duarum
2555 4401 2760 4462 ovium

456 4491 705 4569 pretium
732 4491 947 4553 referet
988 4491 1122 4554 deo.
1208 4495 1419 4557 Hanc.
1453 4495 1534 4556 Ut
1561 4507 1858 4578 sceptrum
1889 4497 2006 4560 illis
2039 4497 2240 4560 denuo
2283 4495 2590 4570 reddatur,
2631 4495 2758 4558 suf·
