3059 5059
546 400 659 463 106
1282 390 2088 457 ARIsT-OPHANIS
2493 402 2842 483 [eso-690

532 528 649 603 illi,
676 546 855 608 quam
876 545 994 607 ego
1020 544 1289 587 severam
1320 536 1381 588 et
1408 524 1823 587 educaveram.
1865 526 2087 588 Tam.
2117 528 2212 589 Ita
2229 548 2323 590 me
2352 530 2590 613 Jupiter
2617 543 2846 608 amet,o

536 624 714 695 bone,
742 619 953 680 merito
979 639 1163 681 sane:
1196 640 1334 681 nam
1364 630 1425 681 et
1452 639 1667 694 meam,
1691 619 1889 701 lapide
1918 621 2158 703 injecto,
2181 642 2286 683 sex
2315 624 2644 688 modiorum
2673 646 2850 709 capa·

536 734 667 775 cem
686 714 895 774 cistam
914 713 1355 775 frumentariam
1377 711 1784 794 perdiderunt.
1829 713 1896 773 M
1905 734 2052 775 nnc.
2074 715 2332 791 Deinde,
2347 728 2415 778 ut
2435 738 2510 779 ex
2529 721 2688 801 agris
2708 734 2850 781 con·

540 827 755 870 venere
785 808 845 867 in
876 810 1082 867 urbem
1114 806 1417 888 agricolae,
1446 804 1658 867 eodem
1687 807 1868 868 modo
1889 828 1954 868 se
1977 810 2156 869 etiam
2188 810 2428 871 venales
2462 812 2687 886 haberi,
2728 834 2848 893 quo

536 902 774 974 urbani,
798 900 971 961 facile
995 899 1467 961 animadvertere
1489 920 1506 967 ;
1540 898 1648 959 sed
1679 920 1862 981 quum
1894 912 2099 963 essent
2127 902 2257 964 sine
2279 904 2432 977 uvis,
2456 915 2519 965 et
2545 905 2848 969 desidera·

536 1006 672 1059 rent
692 996 867 1067 ficus,
900 996 1255 1073 spectabant
1274 1004 1538 1054 oratores
1565 1014 1582 1053 ε
1631 995 1734 1073 qui
1760 1015 1942 1075 quum
1973 994 2122 1057 satis
2149 1007 2401 1058 nossent
2426 1018 2722 1079 pauperes
2760 999 2850 1059 in-

418 1093 427 1102 '
536 1092 739 1151 firmos
760 1106 917 1160 esse,
942 1096 1010 1145 et
1037 1086 1305 1147 laborare
1334 1087 1538 1167 inopia
1577 1089 1791 1162 victus,
1835 1088 2051 1148 Divam
2091 1088 2269 1150 istam
2313 1092 2535 1171 saepius
2577 1092 2850 1153 clamori·

526 1187 652 1246 bus
682 1182 828 1254 suis,
874 1192 1157 1260 tanquam
1206 1180 1480 1255 furcillis,
1537 1182 1890 1261 abegerunt,
1926 1182 2160 1262 quoties
2207 1182 2333 1258 illa,
2371 1184 2628 1264 regionis
2671 1186 2850 1267 hujus

532 1296 757 1347 amore,
782 1292 917 1335 sese
946 1272 1433 1353 conspiciendam
1462 1275 1746 1337 exhibuit.
1791 1274 1883 1335 Ex
1901 1275 2076 1336 sociis
2101 1285 2300 1337 autem
2323 1274 2458 1337 illos
2483 1278 2852 1357 quatiebant,

499 1372 873 1453 ‘quiessent
913 1368 1250 1448 pinguiores
1292 1380 1353 1429 et
1392 1368 1818 1449 opulentiores,
1861 1369 2214 1449 affingentes
2255 1370 2667 1451 hujuscemodi
2709 1390 2852 1433 cau·

540 1485 663 1537 sas,
707 1460 1193 1541 Brasidaesavet.
1276 1462 1427 1523 Turn
1476 1483 1584 1523 vos
1623 1463 1802 1523 istum
1847 1463 2003 1523 falso
2045 1482 2391 1544 oppressum
2419 1465 2684 1540 crimine,
2719 1476 2851 1526 tan·

538 1560 717 1637 quam
746 1555 949 1625 catuli,
977 1553 1351 1617 lacerabatis.
1440 1556 1606 1617 Urbs·
1626 1556 1782 1617 enim
1828 1555 2051 1637 pallida
2095 1559 2302 1617 morbo
2347 1568 2409 1617 et
2450 1559 2510 1619 in
2539 1570 2702 1619 metu
2749 1560 2854 1621 de·

529 1652 764 1723 sidens,
795 1668 1166 1730 quaecunque
1194 1649 1326 1729 quis
1355 1669 1461 1730 per
1488 1650 1818 1711 calumnias
1842 1661 2012 1729 parta
2041 1650 2096 1710 ei
2123 1651 2423 1731 objiceret,
2445 1652 2854 1715 lubentissime

534 1743 906 1806 comedebat.
993 1741 1076 1800 At
1116 1743 1322 1816 exteri,
1364 1763 1547 1822 quum
1588 1743 1801 1823 plagas
1833 1742 2118 1817 viderent,
2149 1762 2299 1824 quas
2339 1744 2438 1805 isti
2481 1744 2854 1825 infligebant,

538 1858 685 1899 auro
713 1838 787 1897 iis
814 1836 917 1916 qui
946 1834 1078 1894 boec
1121 1836 1439 1910 faciebant,
1482 1856 1551 1897 os
1583 1838 1979 1905 obturabant:
2029 1837 2115 1898 ita
2141 1848 2208 1898 ut
2247 1837 2383 1899 illos
2421 1838 2662 1917 quidem
2691 1840 2858 1900 face-

538 1943 673 1991 rent
728 1929 965 2003 divites,
1016 1930 1255 1990 Graecia
1300 1940 1498 1990 autem
1551 1929 1922 1991 desolaretur
1975 1932 2146 1991 vobis
2202 1950 2322 1992 non
2379 1932 2858 1993 animadverten-

532 2025 719 2084 tibus.
809 2025 1007 2103 Caput
1062 2032 1260 2083 autem
1322 2022 1451 2085 istis
1510 2026 1690 2084 rebus
1743 2036 1874 2084 erat
1926 2025 2231 2086 coriarius.
2341 2027 2560 2087 Tam.
2604 2025 2859 2099 Desine,

536 2116 770 2191 desine,
800 2116 1059 2177 Mercuri
1082 2115 1342 2189 domine,
1368 2115 1581 2176 horum
1611 2138 1688 2177 ne
1716 2117 2086 2186 memineris:
2143 2118 2251 2179 sed
2294 2118 2422 2179 sine
2451 2120 2631 2181 istum
2659 2119 2859 2181 homi·

534 2232 674 2272 nem
698 2231 833 2272 esse
855 2212 1015 2293 apud
1044 2211 1294 2285 Inferos,
1323 2212 1423 2271 ubi
1446 2220 1540 2271 est
1565 2230 1583 2272 τ
1631 2231 1751 2271 non
1783 2210 1940 2273 enim
1969 2221 2175 2272 noster
2217 2222 2311 2272 est
2337 2211 2438 2273 ille
2465 2212 2557 2272 vir
2575 2213 2858 2294 amplius,

539 2305 649 2365 sed
679 2316 839 2367 tuus.
924 2307 1315 2384 Quaecunque
1352 2304 1535 2383 igitur
1575 2303 1793 2365 dixeris
1835 2305 1898 2364 in
1939 2304 2131 2380 illum,
2173 2304 2315 2367 licet
2355 2324 2613 2385 nequam
2653 2306 2860 2379 suerit,

528 2396 687 2459 'dum
716 2399 883 2473 vixit,
908 2409 969 2459 et
988 2399 1228 2479 loquax,
1258 2406 1319 2458 et
1344 2396 1742 2478 sycophanta,
1772 2408 1826 2459 et
1861 2398 2165 2461 miscuerit
2193 2400 2393 2459 omnia
2420 2408 2484 2459 et
2508 2400 2859 2476 turbaverit,

536 2492 673 2553 hoec
700 2493 942 2572 inquam
969 2492 1169 2553 omnia
1192 2490 1309 2552 tuis
1330 2489 1551 2552 dehinc
1579 2492 1983 2571 exprobrabis.
2071 2492 2192 2553 Sed
2221 2512 2328 2553 cur
2353 2492 2556 2568 sileas,
2591 2512 2628 2553 o
2671 2493 2858 2571 Diva,

542 2586 641 2646 dic
667 2585 829 2646 mihi.
910 2585 1133 2646 Mane.
1164 2584 1245 2644 At
1271 2584 1451 2663 hujus
1480 2586 1564 2645 rei
1589 2603 1834 2645 causam
1861 2604 1984 2645 non
2012 2586 2192 2648 facile
2220 2587 2482 2649 animum
2511 2586 2756 2650 inducet
2787 2600 2862 2652 ut

541 2680 706 2741 dicat
734 2679 1206 2761 spectatoribus:
1254 2688 1345 2737 est
1372 2678 1528 2738 enim
1553 2678 1627 2739 iis
1656 2676 1833 2738 valde
1861 2680 2034 2754 irata,
2062 2681 2140 2741 ob
2167 2698 2240 2740 ea
2261 2700 2399 2761 quae
2428 2700 2712 2763 perpessa
2734 2694 2860 2745 est.

536 2774 757 2835 Tam.
778 2774 909 2835 Tibi
936 2772 1148 2833 saltem
1172 2770 1334 2831 dicat
1353 2770 1490 2851 ipsa
1507 2770 1753 2852 paulum
1779 2772 1982 2833 modo.
2069 2773 2290 2835 Mnac.
2316 2773 2432 2836 Dic
2460 2775 2624 2849 mihi,
2667 2794 2704 2836 o
2744 2796 2862 2837 ca-

536 2868 791 2941 rissima,
814 2888 934 2947 quo
962 2886 1105 2947 erga
1132 2866 1281 2925 istos
1312 2864 1394 2925 sis
1424 2866 1654 2934 animm
1704 2883 1818 2947 age
1850 2885 1888 2926 o
1915 2868 2224 2928 mulierum
2251 2868 2480 2950 clypeis
2515 2869 2865 2932 inimicissi-

538 2962 935 3022 ma.—Esto:
1000 2960 1202 3019 audio.
1318 2957 1601 3019 Hoeccine
1643 2960 2034 3041 expostulas?
2080 2961 2673 3042 intelligo.-Audite
2715 2984 2859 3038 vos,

539 3055 922 3133 quamobrem
953 3053 1028 3115 de
1056 3054 1223 3113 vobis
1253 3064 1672 3134 conqueratur.
1756 3054 1860 3113 Ait
1887 3073 1953 3114 se
1995 3053 2154 3115 ultro
2195 3055 2430 3116 venisse
2469 3066 2608 3136 post
2645 3076 2740 3117 res
2789 3059 2858 3119 in

540 3147 692 3228 Pylo
722 3156 950 3225 gestas,
974 3146 1299 3227 cistamque
1328 3147 1620 3207 adtulisse
1643 3146 1883 3226 plenam
1907 3145 2197 3223 induciis„
2219 3149 2327 3210 sed
2359 3150 2636 3230 rejectam
2655 3150 2858 3213 fuisse

538 3252 632 3301 ter
650 3240 710 3299 in
733 3240 1036 3300 concione.
1122 3240 1343 3299 Tam.
1375 3239 1764 3300 Peccavimus
1795 3239 1855 3297 in
1885 3240 2000 3301 hac
2043 3262 2144 3309 re:
2194 3241 2302 3303 sed
2341 3243 2628 3323 ignosce:
2671 3262 2855 3305 mens

538 3333 694 3395 enim
736 3343 941 3392 nostra
968 3342 1111 3392 tunc
1138 3333 1347 3392 eratin
1376 3333 1574 3393 coriis.
1661 3333 1886 3395 Meae.
1914 3332 2156 3394 Audisis
2187 3355 2368 3408 nunc,
2395 3335 2558 3415 qnod
2585 3356 2680 3397 me
2715 3356 2860 3399 mo-

540 3426 622 3486 do
650 3426 1056 3505 interrogavit,
1076 3426 1351 3504 quisnam
1382 3424 1707 3486 malevolus
1758 3427 1870 3507 ipsi
1917 3427 2170 3489 maxime
2218 3430 2395 3489 suerit
2435 3428 2553 3504 hic,
2604 3441 2668 3491 et
2707 3434 2858 3511 quis

540 3520 792 3593 amicus,
819 3520 921 3598 qui
947 3517 1153 3599 proelia
1180 3538 1255 3579 ne
1296 3519 1507 3580 fierent
1551 3519 1890 3581 studuerit?
1973 3521 2189 3582 Tam.
2233 3522 2860 3588 Benevolentissimus

536 3612 778 3693 quidem
804 3612 992 3672 multo
1020 3622 1147 3673 erat
1168 3611 1554 3693 Cleonymus.
1639 3615 1864 3675 Meae.
1910 3614 2121 3682 Qualis
2154 3635 2296 3697 ergo
2333 3617 2564 3677 videtur
2603 3636 2739 3679 esse
2783 3620 2858 3681 in

536 3728 599 3768 re
626 3707 842 3769 bellica
870 3706 1279 3787 Cleonymus?
1354 3707 1576 3769 Ture.
1611 3708 1808 3768 Animi
1839 3708 2166 3782 fortissimi,
2215 3710 2330 3771 nisi
2379 3711 2542 3791 quod
2584 3730 2704 3771 non
2749 3724 2860 3774 est

537 3803 695 3863 filius
719 3801 887 3882 cujus
916 3801 1045 3881 ipse
1074 3800 1157 3861 ait
1183 3800 1392 3881 patris.
1476 3802 1634 3861 Nam
1660 3803 1710 3862 si
1741 3801 1984 3883 quando
2027 3813 2201 3863 exeat
2241 3803 2578 3878 militatum,
2619 3806 2856 3883 statim,

522 3906 721 3976 'quum
738 3916 902 3957 arma
923 3896 1183 3975 abjiciat,
1209 3896 1586 3975 subjectitius
1627 3915 1761 3956 esse
1805 3896 2093 3977 arguitur.
2179 3896 2401 3958 Mauo.
2427 3896 2642 3959 Adhuc
2675 3918 2856 3961 nunc

520 3990 699 4063 'audi,
728 3990 891 4071 quod
920 4008 1013 4049 me
1040 3988 1221 4049 modo
1253 3988 1658 4069 interrogavit,
1686 3990 1822 4069 quis
1864 4008 2026 4051 nunc
2067 3990 2338 4050 obtineat
2379 4001 2734 4073 suggestum
2779 3994 2856 4054 in

536 4084 783 4165 Pnyce?
844 4080 1082 4144 'Tm-0.
1134 4083 1511 4163 Hyperbolus
1570 4082 1738 4143 illum
1795 4104 1956 4144 nunc
2017 4084 2216 4146 locum
2257 4093 2445 4145 tenet.
2533 4084 2702 4145 Heus
2749 4096 2854 4159 tn,

531 4178 679 4257 quid
706 4175 893 4238 facis?
947 4196 1205 4256 quonam
1235 4188 1418 4257 caput
1444 4189 1607 4237 tuum
1639 4178 1992 4257 circumagis
2017 4178 2044 4238 2
2126 4178 2349 4241 Msnc.
2379 4179 2702 4240 Aversatur
2729 4198 2858 4260 po-

527 4271 759 4352 pulum,
788 4266 1031 4347 indigne
1054 4270 1268 4343 ferens,
1292 4270 1454 4349 quod
1484 4270 1706 4332 malum
1749 4271 2063 4349 praesidem
2109 4271 2220 4331 sibi
2266 4270 2536 4334 adscivit.
2617 4272 2860 4335 Tum.

526 4366 608 4425 At
636 4384 757 4426 non
786 4362 1039 4443 amplius
1070 4374 1299 4423 utemur
1327 4384 1435 4431 eo:
1494 4384 1656 4423 nunc
1681 4376 1877 4425 autem
1902 4364 2044 4444 quia
2084 4364 2344 4445 populus
2387 4364 2697 4445 indigebat
2739 4378 2854 4425 tu-

524 4469 671 4531 tore,
702 4457 1015 4535 nudusque
1044 4466 1189 4527 erat,
1223 4457 1337 4516 hoc
1368 4458 1491 4517 viro
1522 4459 1778 4531 interim,
1808 4467 2094 4538 tanquam
2139 4460 2529 4534 munimento,
2571 4478 2637 4519 se
2679 4478 2858 4539 prse-

522 4552 721 4611 cinxit.
810 4550 1029 4611 Mane.
1073 4550 1321 4622 Quaerit,
1350 4551 1451 4630 qui
1484 4550 1724 4613 tandem
1754 4552 1870 4614 ista
1899 4552 2270 4613 conductura
2301 4553 2422 4611 sint
2463 4550 2854 4631 reipublicae.

524 4646 737 4706 Tam.
774 4644 1188 4705 prudentiores
1240 4646 1447 4705 fiemus
1498 4646 1960 4725 quodammodo,
2019 4646 2157 4726 quia
2205 4646 2575 4707 lucernarum
2621 4644 2856 4707 artifex
