3059 5059
500 406 619 467 208
791 379 799 387 ‘
984 396 1770 464 ARISTOPHANIS
1847 400 2262 462 Ριυτυε.
2365 400 2804 483 [llos-1209

496 532 671 606 dunt,
698 541 767 595 ut
792 533 991 595 multis
1020 533 1397 597 tribunalium
1434 532 1621 595 literis
1661 531 2078 595 inscribantur.
2163 533 2384 595 Mune.
2429 532 2640 611 ltaque
2678 528 2802 589 hac

496 626 839 689 conditione
866 627 1183 707 ingrediar.
1268 627 1437 689 Cut.
1479 627 1558 687 Et
1595 626 1834 706 quidem
1877 626 2010 690 elue
2049 626 2176 705 ipse
2217 626 2296 687 ad
2337 635 2578 705 puteum
2623 640 2804 683 acce-

498 718 649 781 dens
676 730 817 781 exta
838 720 1223 793 victimarum,
1248 730 1318 779 ut
1343 721 1544 781 statim
1561 720 1892 781 officiosum
1919 730 1978 779 te
2005 718 2146 781 mihi
2175 720 2408 799 probes.
2463 718 2615 777 Sao.
2645 714 2800 783 Quis

496 812 689 893 possit
714 811 856 873 mihi
886 824 1051 885 certo
1092 812 1375 886 indicare,
1409 812 1511 872 ubi
1557 811 1636 871 sit
1683 810 2078 893 Chremylus?
2161 812 2432 875 Cannu.
2475 807 2638 880 Quid
2679 816 2800 878 est,

482 906 583 983 ,vir
608 904 876 985 optime?
956 906 1109 969 Sac.
1153 904 1334 977 Quid,
1362 904 1477 965 nisi
1505 903 1708 963 male?
1789 905 1882 965 Ex
1909 922 2030 984 quo
2054 905 2208 967 enim
2241 904 2451 965 Plutus
2477 903 2592 963 iste
2611 900 2800 979 coepit

492 998 711 1071 videre,
736 1018 914 1077 pereo
938 1000 1125 1059 same:
1174 1016 1312 1059 nam
1362 996 1523 1077 quod
1569 997 1900 1069 comedam,
1947 1016 2070 1059 nou
2117 998 2330 1071 babeo,
2385 995 2618 1057 tametsi
2659 1012 2794 1053 sum

494 1091 777 1153 sacerdos
812 1092 981 1152 Jovis
1037 1090 1387 1153 Servatoris.
1471 1090 1745 1156 Carum.
1794 1090 2088 1160 Quaenam
2129 1110 2288 1161 vero,
2331 1090 2564 1159 amabo,
2607 1104 2796 1147 causa

495 1196 590 1247 est
614 1185 791 1265 hujus
816 1184 948 1246 rei?
1030 1185 1184 1247 Sao.
1227 1184 1422 1244 Nemo
1461 1183 1744 1264 dignatur
1783 1185 2036 1264 amplius
2079 1184 2434 1245 sacrificare.
2516 1181 2792 1242 Cannu.

496 1278 691 1347 Quam
726 1278 805 1339 ob
848 1275 1019 1339 rem?
1100 1279 1251 1339 Sac-
1293 1277 1451 1346 Quia
1498 1294 1702 1339 omnes
1753 1289 1894 1337 sunt
1942 1277 2176 1339 divites.
2261 1276 2340 1337 At
2393 1286 2560 1346 tuuc,
2605 1290 2790 1351 quum

492 1370 639 1431 nihil
664 1370 981 1442 habebant,
1006 1380 1298 1432 mercator
1326 1368 1527 1431 salvus
1559 1389 1828 1433 reversus
1871 1370 2112 1433 domum
2151 1370 2454 1433 mactabat
2490 1366 2789 1427 victimam

484 1462 795 1543 aliquam:
851 1462 998 1523 alius
1025 1464 1165 1523 item
1193 1462 1507 1544 quispiam,
1530 1463 1694 1543 quod
1713 1463 1944 1543 judicio
1987 1462 2300 1523 absolutus
2341 1462 2586 1523 fuisset:
2639 1457 2790 1519 alius

490 1574 633 1617 vero
675 1555 907 1627 litabat,
934 1565 997 1617 et
1024 1555 1313 1617 invitabat
1340 1556 1748 1619 sacerdotem:
1803 1576 1963 1619 nuuc
1990 1576 2166 1619 nemo
2211 1555 2508 1617 sacrificat
2548 1568 2790 1633 prorsus

493 1650 833 1729 quicquam,
861 1668 1053 1729 neque
1080 1651 1141 1709 in
1172 1651 1375 1711 fanum
1424 1652 1628 1723 intrat,
1682 1651 1798 1715 nisi
1845 1662 2117 1713 cacatum
2171 1649 2306 1730 plus
2358 1667 2540 1728 quam
2587 1644 2790 1705 decies

492 1741 741 1803 milleni.
825 1743 994 1803 cla.
1040 1743 1255 1805 Nonne
1288 1763 1431 1823 ergo
1450 1764 1525 1805 ex
1551 1742 1668 1816 his,
1695 1765 1832 1824 qum
1879 1744 1984 1805 tibi
2031 1744 2140 1805 rite
2177 1744 2518 1813 obveniunt,
2561 1736 2792 1801 sumis?

494 1834 649 1896 Sao.
692 1836 879 1915 igitur
932 1836 1061 1915 ipse
1114 1837 1291 1897 etiam
1344 1836 1485 1897 mihi
1540 1836 1766 1912 videor,
1814 1838 1966 1899 Jove
2017 1837 2326 1899 Servatore
2379 1834 2638 1905 deserto,
2693 1830 2790 1891 bic

493 1948 833 1991 mansurus.
917 1930 1191 1993 cnam.
1236 1930 1403 1991 Bono
1432 1929 1630 1991 auimo
1663 1951 1766 1991 es:
1821 1950 1959 1993 nam
2011 1931 2142 1993 Deo
2185 1929 2442 1999 volente,
2471 1928 2625 1987 bene
2659 1923 2792 1985 erit.

492 2022 727 2101 Jupiter
768 2022 925 2082 enim
974 2023 1247 2084 Servatur
1292 2022 1391 2083 hic
1448 2023 1641 2095 adest,
1687 2036 1898 2104 sponte
1949 2023 2293 2087 adveniens.
2377 2022 2529 2083 Sac.
2573 2016 2794 2079 Omnia

490 2115 654 2177 bona
698 2118 897 2195 itaque
943 2116 1205 2179 nuntias.
1288 2116 1561 2178 Cur-uu.
1605 2116 2028 2179 Dedicabimus
2067 2136 2211 2196 ergo
2253 2124 2542 2186 actutum,
2588 2119 2794 2173 manta

491 2208 695 2280 modo,
722 2208 963 2270 Plutum
994 2209 1055 2269 in
1081 2228 1153 2271 eo
1192 2208 1347 2283 loco,
1372 2212 1471 2271 ubi
1512 2210 1770 2273 antehac
1813 2221 1960 2284 erat,
1987 2212 2256 2273 cerarium
2311 2209 2458 2271 Deae
2503 2214 2792 2287 perpetuo

492 2301 861 2365 custodiens.
945 2302 1067 2365 Sed
1102 2301 1309 2365 efferat
1344 2303 1558 2383 aliquis
1606 2304 1724 2367 huc
1765 2306 1928 2367 faces
1971 2304 2270 2377 incensas,
2297 2312 2368 2363 ut
2407 2312 2471 2362 tu
2501 2319 2604 2363 eas
2654 2316 2794 2378 ges-

492 2405 632 2457 tans
659 2394 967 2475 praecedas
998 2406 1136 2457 ante
1166 2396 1387 2459 Deum.
1470 2398 1626 2460 Sac-
1671 2396 1934 2459 omnino
1959 2398 2201 2478 quidem
2228 2396 2362 2459 hoec
2387 2395 2511 2459 fieri
2535 2402 2792 2473 oportet.

474 2490 769 2561 ‚Canem
810 2486 1051 2549 Plutum
1082 2488 1307 2569 'aliquis
1346 2501 1558 2552 evocet
1597 2492 1776 2555 foras.
1859 2493 1986 2553 Au.
2029 2490 2162 2572 Ego
2185 2510 2325 2553 vero
2352 2487 2496 2569 quid
2535 2480 2793 2547 faciam?

494 2582 768 2643 Cannu.
814 2580 1007 2652 Ollas,
1056 2580 1270 2658 quibus
1314 2583 1509 2645 Deum
1553 2583 1983 2658 dedicabimus,
2027 2604 2198 2662 cape,
2242 2594 2306 2643 et
2349 2582 2408 2641 in
2465 2580 2658 2660 capite
2703 2578 2794 2639 fer

490 2672 785 2745 modeste,
828 2671 1121 2751 siquidem
1167 2670 1381 2732 venisti
1426 2672 1590 2733 varia
1636 2688 1802 2736 veste
1855 2676 2088 2735 induta.
2174 2676 2298 2736 Au.
2341 2676 2422 2736 At
2473 2674 2598 2747 illa,
2645 2690 2798 2753 quo-

492 2786 623 2829 rum
674 2783 859 2825 causa
912 2762 1231 2825 veneram?
1316 2765 1594 2825 Cannu.
1639 2762 1858 2825 Omnia
1907 2767 2190 2827 conflent.
2273 2768 2488 2829 Veniet
2525 2767 2684 2829 enim
2713 2765 2793 2827 ad

492 2870 553 2921 te
574 2854 1055 2919 adolescentulus
1080 2855 1159 2915 ad
1183 2874 1513 2936 vesperam.
1597 2856 1723 2918 An.
1766 2858 1849 2918 At
1875 2866 1942 2919 tu
1977 2858 2218 2939 quidem
2243 2858 2294 2921 si
2320 2879 2428 2939 pro
2477 2860 2583 2921 illo
2609 2878 2791 2940 spon-

494 2952 641 3013 deas
679 2960 991 3013 venturum
1018 2968 1155 3009 eum
1194 2948 1275 3011 ad
1323 2970 1441 3025 me,
1480 2950 1566 3011 ita
1613 2958 1848 3013 ecastor
1887 2953 2134 3033 portabo
2175 2952 2350 3015 ollas.
2435 2955 2604 3017 cn.
2645 2952 2792 3013 Pro-

494 3046 655 3107 fecto
692 3043 827 3105 ollis
866 3044 997 3103 istis
1041 3054 1249 3105 contra
1294 3054 1475 3125 atque
1514 3042 1646 3106 aliis
1689 3044 1921 3113 evenit:
1977 3066 2116 3107 nam
2155 3048 2366 3108 ceteris
2394 3046 2633 3129 quidem
2661 3044 2796 3107 ollis

494 3157 647 3201 anus
676 3135 736 3195 in
768 3155 997 3198 summo
1037 3146 1169 3199 est:
1212 3136 1353 3199 huic
1394 3148 1592 3200 autem
1636 3160 1796 3200 nuuc
1838 3141 1978 3201 anui
2017 3139 2076 3201 iu
2111 3141 2416 3221 superficie
2449 3150 2588 3203 suut
2627 3140 2790 3202 olle.

498 3231 718 3293 Onon.
763 3228 944 3289 Haud
972 3228 1224 3314 amplius
1252 3230 1457 3310 itaque
1480 3230 1658 3294 decet
1684 3254 1795 3294 nos
1825 3234 2114 3307 cunctari,
2137 3234 2246 3297 sed
2275 3233 2552 3297 recedere
2575 3244 2792 3295 retror-

502 3343 669 3387 sum:
712 3342 823 3385 nos
850 3323 1005 3385 enim
1032 3332 1343 3387 cantantes
1372 3336 1608 3407 oportet
1627 3326 1780 3389 istos
1799 3346 1836 3387 a
1864 3336 2035 3409 tergo
2065 3329 2255 3411 sequi.
