3059 5059
283 407 654 494 345-4101
1093 427 1098 436 ¹
1215 410 1677 486 EQmTES.
2518 411 2599 482 2⁷

278 542 446 620 quod
477 543 586 604 tibi
616 540 884 605 oblatum
930 542 1286 625 suscipiens,
1313 544 1379 603 in
1423 545 1615 608 frusta
1644 547 2038 629 discerperes,
2074 539 2505 629 tractaresqu'e,
2530 556 2603 611 ut

275 651 390 712 par
411 643 531 696 est.
615 635 740 697 Sed
773 637 1005 711 scinne,
1031 633 1178 717 quid
1207 655 1324 718 ego
1352 637 1459 698 tibi
1488 642 1759 702 evenisse
1798 641 2051 721 putem?
2092 641 2258 720 quod
2298 633 2599 722 plerisque

277 727 458 786 solet.
545 729 609 790 Si
639 729 791 790 forte
817 748 1000 790 unam
1030 729 1318 790 liticulam
1347 731 1502 790 bene
1522 730 1841 794 defendisti
1872 737 2081 794 conti-a
2108 730 2460 812 inquilinum
2490 734 2599 794 ad·

272 837 497 878 venam
525 821 891 900 quempiam,
936 831 1114 882 nocte
1155 831 1294 882 ·tota
1331 840 1677 898 susurrans,
1726 835 1787 885 et
1832 835 2026 886 tecum
2068 825 2128 884 in
2169 825 2279 884 viis
2325 823 2602 904 loquens,

277 925 502 988 aquam
530 923 773 992 potans,
800 924 864 974 et
891 913 1232 993 speciminis
1262 916 1454 994 gratia
1481 917 1763 989 recitans,
1794 917 2117 998 amicisque
2145 915 2477 976 molestiam
2497 935 2602 978 ex·

273 1001 516 1074 bibens,
543 1013 858 1084 propterea
900 1016 962 1066 te
990 1006 1240 1086 peritum
1290 1027 1424 1067 esse
1451 1008 1689 1070 dicendi
1723 1021 1917 1089 putas,
1958 1029 1995 1069 ο
2024 1009 2205 1070 fatue.
2294 1009 2373 1069 ls.
2424 1009 2505 1068 At
2533 1017 2601 1072 tu

274 1106 400 1173 quo
431 1113 582 1155 usus
599 1107 742 1174 potu
773 1097 1044 1171 effecisti,
1073 1109 1142 1158 ut
1167 1099 1375 1160 civitas
1407 1119 1567 1161 nunc
1589 1111 1691 1162 tua
1719 1102 1906 1162 solius
1936 1101 2293 1181 loquacitate
2314 1089 2605 1182 obstupu-

271 1189 386 1248 erit
425 1188 642 1250 muta?
725 1191 928 1251 szo.
974 1191 1200 1252 Mihine
1257 1212 1398 1253 vero
1439 1197 1789 1272 opposueris
1842 1195 2145 1255 hominum
2188 1192 2597 1273 quemquami

273 1279 377 1359 qui
408 1281 588 1339 simul
617 1300 688 1342 ac
719 1283 930 1363 thynnj
959 1285 1149 1344 frusta
1177 1283 1376 1344 calida
1421 1285 1805 1359 devoravere,
1832 1297 1893 1348 et
1920 1286 2325 1368 post-ebibere
2352 1285 2602 1348 meraci-

275 1371 394 1432 oris
421 1374 541 1433 vini
571 1375 1138 1453 congium,·vexabo
1171 1393 1378 1436 omnes
1407 1377 1466 1436 in
1499 1377 1651 1460 Pylo
1682 1379 1890 1440 duces.
1978 1380 2059 1438 Is.
2107 1377 2237 1457 Ego
2266 1396 2407 1438 vero
2430 1377 2603 1439 bovis

277 1483 553 1526 omasum
583 1476 645 1527 et
667 1475 935 1528 ventrem
966 1467 1204 1528 suillum
1235 1469 1284 1528 si
1315 1468 1710 1549 deglutivere,
1738 1471 2278 1550 deinde-jusculum
2312 1469 2601 1550 superim-

279 1559 487 1619 bibero
517 1559 742 1632 illotus,
774 1571 980 1639 guttur
1006 1560 1326 1640 praecidam
1354 1563 1708 1634 rhetoribus,
1738 1575 1799 1623 et
1822 1565 2053 1623 Niciam
2076 1573 2435 1626 commotum
2464 1560 2600 1622 red·

279 1650 442 1735 dam.
529 1653 748 1712 Cnon.
793 1653 1010 1714 Cetera
1053 1653 1317 1738 quidem,
1364 1675 1502 1734 quae
1553 1654 1723 1727 dixti,
1750 1657 1995 1735 placent
2038 1655 2218 1715 mibi·
2260 1671 2443 1718 unum
2492 1671 2599 1715 au-

277 1753 400 1804 tem
431 1744 720 1826 improbo,
749 1745 922 1825 quod
941 1745 1105 1806 solus
1124 1745 1428 1824 jusculum
1459 1749 1824 1810 exsorbebis.
1911 1749 2111 1808 Cum.
2168 1747 2286 1806 Sed
2317 1765 2436 1806 uon
2478 1756 2601 1805 tur·-

277 1837 451 1897 babis
483 1837 773 1913 Milesios,
802 1838 1101 1900 devoratis
1147 1838 1328 1917 lupis.
1413 1840 1498 1898 Is.
1545 1839 1625 1899 At
1642 1839 1883 1900 bovinis
1913 1841 2096 1900 costis
2136 1840 2435 1900 devoratis
2476 1857 2605 1898 me-

277 1929 428 1990 talla
457 1929 765 1991 redimam.
849 1919 1052 1992 Gneo.
1083 1931 1215 2010 Ego
1237 1948 1378 1990 vero
1407 1932 1464 1990 in
1497 1933 1829 1992 Senatum
1812 1951 2067 2005 irruens,
2090 1932 2143 1992 vi
2170 1931 2370 1991 omnia
2396 1929 2601 1990 infima

275 2023 531 2082 summis
557 2023 722 2103 paria
747 2023 986 2083 faciam.
1071 2023 1155 2082 Is.
1189 2023 1319 2098 Ego
1340 2042 1480 2082 vero
1503 2023 1777 2104 podicem
1808 2036 1971 2085 tuum
1997 2043 2103 2106 pro
2144 2023 2429 2083 intestino
2468 2021 2598 2100 agi·-

269 2115 445 2174 tabo.
551 2117 749 2175 cmzo.
797 2116 926 2194 Ego
968 2133 1107 2175 vero
1161 2115 1377 2194 podice
1419 2117 1739 2195 impulsum
1790 2128 1851 2177 te
1912 2117 2221 2176 extrudam
2284 2130 2596 2174 cernuum.

279 2207 504 2269 Cnon.
551 2209 652 2281 At,
681 2228 785 2288 per
832 2209 1199 2288 Neptunum,
1233 2208 1433 2268 trahes
1485 2229 1579 2269 me
1606 2227 1868 2290 quoque,
1899 2211 1949 2269 si
1979 2209 2219 2289 quidem
2250 2208 2408 2266 hunc
2436 2216 2597 2265 trax·

275 2299 419 2361 eris.
507 2302 705 2363 Caso.
752 2301 834 2364 Ut
861 2321 976 2378 ego
1007 2312 1064 2360 te
1095 2301 1154 2359 in
1201 2321 1382 2360 nervo
1411 2303 1821 2384 constringam
1846 2307 1861 2361 Ξ
1934 2303 2015 2362 ls.
2042 2299 2403 2361 Timiditatis
2430 2317 2597 2360 reum

277 2402 340 2451 te
370 2411 567 2472 agam.
654 2394 856 2453 szo.
901 2393 1144 2452 Corium
1175 2404 1343 2452 tuum
1389 2394 1554 2454 sellis
1586 2395 1936 2456 obducetur.
2022 2397 2105 2472 Is.
2152 2391 2485 2454 Excoriabo
2515 2402 2596 2465 te,

277 2493 340 2544 et
367 2484 585 2545 faciam
611 2505 686 2545 ex
715 2499 775 2546 te
803 2505 1043 2546 saccum
1087 2485 1398 2545 furtorum.
1484 2488 1687 2547 Ctso.
1733 2487 2109 2548 Distenderis
2153 2483 2317 2545 humi
2359 2481 2597 2564 paxillis

279 2576 536 2638 adfixus.
623 2579 705 2637 Is.
733 2577 1054 2637 Minutalia
1079 2599 1154 2638 ex
1185 2589 1242 2639 te
1273 2579 1508 2639 faciam.
1572 2581 1769 2640 Gneo.
1803 2578 2127 2659 Palpebras
2158 2591 2293 2638 tuas
2321 2573 2597 2635 evellam.

281 2669 364 2730 ls.
397 2670 732 2752 lngluviem
761 2679 924 2738 tuam
953 2671 1328 2731 exscindam.
1395 2670 1575 2732 Dua.
1604 2674 1805 2753 Atque
1834 2672 2031 2732 hercle
2060 2673 2329 2732 immisso
2354 2670 2408 2730 ei
2438 2669 2497 2729 in
2529 2688 2598 2730 os

275 2761 521 2840 paxillo,
551 2781 876 2842 coquorum
923 2783 1106 2835 more,
1148 2763 1366 2824 deinde
1395 2764 1662 2844 linguam
1708 2766 1836 2846 ejus
1860 2765 2269 2834 extrahentes,
2300 2762 2599 2843 spectabi-

279 2873 414 2914 mus
441 2855 648 2936 probe,
693 2853 827 2933 ipso
867 2854 1091 2928 hiante,
1119 2875 1192 2914 an
1227 2857 1283 2916 ei
1311 2857 1482 2917 culus
1534 2868 1792 2918 strumas
1826 2858 2063 2918 habeat.
2148 2857 2383 2917 Onon:
2414 2856 2603 2914 Erant

281 2969 426 3028 ergo
455 2949 594 3029 igne
625 2948 742 3008 alia
772 2948 1050 3030 quaedam
1095 2948 1400 3022 calidiora,
1430 2961 1490 3008 et
1519 2949 1579 3008 in
1608 2951 1757 3010 urbe
1784 2950 1974 3011 verbis
2004 2949 2449 3028 impudentibus
2478 2947 2601 3006 alia

275 3041 758 3120 impudentiora:
809 3049 872 3100 et
901 3040 1039 3101 hoec
1079 3061 1174 3103 res
1205 3061 1322 3101 non
1355 3051 1450 3101 est
1478 3041 1628 3103 adeo
1658 3041 2115 3104 contemnenda.
2200 3041 2323 3102 Sed
2354 3041 2514 3100 insta
2536 3052 2601 3102 et

281 3153 473 3204 versa,
506 3133 650 3193 nihil
682 3134 778 3193 fac
809 3133 1143 3194 modicum:
1177 3155 1338 3194 nunc
1365 3136 1545 3194 enim·
1572 3136 1801 3195 medius
1834 3145 2085 3196 tenetur.
2173 3135 2325 3194 Nam
2356 3135 2457 3193 ubi
2487 3135 2603 3213 pri·

285 3245 380 3285 mo
405 3245 735 3304 congressu
764 3221 1087 3286 molliorem
1121 3245 1254 3286 eum
1285 3229 1516 3301 feceris,
1548 3227 1811 3287 timidum
1840 3227 2095 3307 reperies
2120 3248 2135 3293 ;
2166 3245 2279 3304 ego
2307 3221 2461 3288 enim
2488 3245 2597 3286 no-

279 3319 334 3378 vi
362 3319 496 3401 ejus
542 3337 756 3379 mores.
843 3318 925 3378 Is.
971 3319 1252 3379 Attamen
1299 3322 1435 3391 iste,
1463 3322 1565 3400 qui
1596 3319 1734 3380 talis
1780 3322 1973 3382 fuerat
1999 3340 2102 3400 per
2128 3337 2364 3378 omnem
2393 3317 2595 3392 vitam,

280 3414 444 3472 visus
473 3424 569 3472 est
595 3412 682 3471 vir
709 3411 876 3471 fortis
905 3431 1061 3484 esse,
1091 3433 1270 3491 quum
1301 3412 1510 3472 falcem
1538 3414 1601 3472 in
1648 3413 1900 3472 alienam
1934 3413 2269 3472 immisisset
2299 3429 2553 3472 messem
2578 3431 2595 3471 ε

279 3517 338 3564 et
367 3523 528 3576 nunc
557 3504 754 3581 spicas
794 3503 948 3574 illas,
981 3523 1133 3582 quas
1175 3505 1314 3564 inde
1343 3505 1616 3576 adduxit,
1646 3505 1705 3564 in
1735 3523 1915 3565 nervo
1945 3505 2298 3565 constrictas
2329 3503 2595 3576 arefacit,

278 3608 337 3657 et
365 3595 493 3656 vult
531 3596 809 3657 vendere.
893 3599 1093 3660 CLEO.
1143 3598 1278 3656 Non
1309 3609 1510 3658 metuo
1559 3617 1687 3668 vos,
1716 3598 1997 3676 quamdiu
2032 3598 2287 3657 Senatus
2340 3596 2499 3670 vivit,
2534 3609 2594 3660 et

283 3687 496 3768 Populi
527 3707 779 3770 persona
811 3691 983 3750 sedet
1012 3692 1271 3770 stupida.
1357 3691 1577 3752 Cnon..
1608 3689 1738 3750 Vah
1762 3697 1777 3748 l
1804 3700 1873 3751 ut
1901 3691 2217 3769 impudens
2246 3701 2342 3749 est
2368 3689 2445 3750 ad
2472 3710 2615 3751 σω..

277 3783 398 3853 nia,
445 3801 556 3840 nec
599 3793 790 3842 mutat
829 3782 1088 3843 colorem
1144 3785 1524 3846 confidentiae
1566 3783 1865 3843 indicem!
1950 3785 2152 3843 Cum.
2198 3783 2327 3842 Nisi
2369 3794 2425 3842 te
2470 3783 2595 3856 odi,

280 3875 417 3932 tiam
449 3891 568 3932 una
597 3875 674 3934 de
701 3875 953 3954 pellibus
983 3877 1241 3949 Cratini,
1287 3888 1349 3937 et
1373 3877 1597 3938 docear
1626 3879 1894 3938 accinere
1925 3874 2595 3956 Morsimi-tragoediam.

280 3966 498 4026 Onon.
543 3966 600 4024 O
623 3967 726 4046 qui
754 3969 913 4029 eirca
939 3969 1140 4032 omnia
1167 3982 1228 4029 et
1257 3971 1314 4028 in
1344 3969 1619 4032 omnibus
1668 3989 1911 4029 munera
1952 3980 2199 4046 captans
2230 3970 2509 4044 semitas,
2530 3981 2596 4030 ut

278 4061 406 4140 apis
433 4061 495 4118 in
524 4060 790 4134 floribus,
821 4062 1044 4122 utinam
1070 4062 1266 4135 facile,
1294 4074 1361 4123 ut
1388 4062 1685 4134 invenisti,
1730 4063 1814 4121 ita
1838 4061 2039 4141 ejicias
2086 4064 2408 4122 bucceam!
2449 4074 2595 4124 tunc

279 4151 513 4212 demum
543 4164 871 4228 cantarem,
903 4155 1079 4229 Bibe,
1107 4157 1236 4217 bibe
1281 4154 1556 4218 secundis
1580 4156 1773 4215 rebus.
1855 4154 2125 4215 Arbitror
2166 4156 2340 4215 etiam
2368 4155 2492 4216 Juli
2524 4156 2591 4214 fi-

283 4244 440 4318 lium,-
469 4265 679 4306 senem
707 4247 870 4307 illum
911 4268 1224 4328 puerorum
1259 4259 1610 4310 sectatorem
1640 4267 1764 4328 proe
1794 4246 2007 4308 laetitia
2044 4246 2323 4308 Poeauem
2350 4259 2413 4308 et
2440 4247 2595 4306 Bac-

275 4339 683 4399 cbebaochum
709 4350 1113 4403 cantaturum.
1201 4344 1400 4402 cmo.
1432 4342 1524 4400 lta
1554 4359 1647 4401 me
1676 4341 1953 4402 Bacchus
1982 4353 2161 4416 amet,
2190 4329 2258 4403 ut
2284 4339 2598 4422 impuden-

267 4429 350 4490 tia
383 4451 475 4492 me
507 4447 632 4494 noo
661 4434 1044 4512 superabitis,
1087 4445 1190 4496 aut
1231 4452 1539 4514 nunquam
1568 4435 1739 4496 ,lovis
1772 4437 2049 4497 Forensis
2091 4436 2355 4497 intersim
2386 4435 2593 4496 sacris.
