3059 5059
457 387 536 444 48
1187 385 1973 448 ARISTQPHANIS
2414 387 2765 466 [ms-ess
2846 467 2861 476 .

455 511 670 574 incedo
697 523 758 576 et
785 514 986 576 Solem
1011 514 1404 594 contemplor.
1489 515 1772 576 Srunrs.
1818 517 1987 577 Itane
2024 535 2063 576 a
2100 523 2265 576 crate
2296 514 2446 576 deos
2488 511 2775 593 despicis,

457 623 576 665 non
621 625 762 666 vero
801 627 840 668 a
879 606 1080 668 terra?
1121 607 1499 688 siquidem—
1571 609 1719 670 Soc.
1766 609 2129 688 Neutiquam
2156 608 2315 669 enim
2344 625 2585 688 possem
2614 615 2782 668 recte

453 697 742 779 indagare
769 720 864 761 res
891 700 1188 773 coelestes,
1211 700 1328 760 nisi
1353 719 1653 781 suspenso
1692 702 1912 774 animo,
1952 711 2019 762 et
2056 701 2344 781 permista
2384 699 2775 761 meditatione

451 809 587 850 cum
615 794 749 852 υἱέι-ο,
771 793 884 854 sibi
911 792 1225 854 consimili.
1269 793 1334 852 Si
1355 813 1496 854 vero
1517 793 1681 853 humi
1702 802 1871 854 stans
1900 813 2157 873 superna
2197 795 2275 854 ab
2314 792 2589 853 inferiore
2628 789 2767 850 loco

455 893 809 963 spectarem,
837 903 1142 964 uunquam
1185 903 1424 965 possem
1463 884 1569 946 illa
1609 884 1916 965 indagare.
1962 885 2279 947 Enimvero
2320 893 2480 946 terra
2518 884 2577 942 vi
2618 899 2773 961 qua-

456 976 594 1038 dam
624 979 806 1039 trahit
832 978 910 1038 ad
939 997 1004 1038 se
1037 977 1340 1040 humorem
1379 977 1807 1038 meditationis.
1850 977 2017 1038 Idem
2046 989 2249 1039 autem
2288 975 2589 1056 contingit
2626 993 2773 1034 nas·

454 1070 659 1131 turtio.
741 1070 1016 1131 Swuzrs.
1059 1069 1220 1140 Quid
1263 1070 1399 1130 ais?
1467 1069 1791 1140 Meditatio
1830 1069 2011 1132 trahit
2049 1070 2359 1130 humorem
2412 1069 2475 1129 in
2531 1079 2773 1128 nastur-

457 1161 644 1222 tium?
713 1167 840 1241 Age
871 1181 1029 1235 vero,
1059 1163 1138 1222 mi
1166 1162 1523 1234 Socratisce,
1554 1162 1671 1224 huc
1712 1162 1791 1224 ad
1818 1182 1911 1224 me
1938 1161 2266 1235 descende,
2294 1173 2364 1221 ut
2404 1180 2500 1222 me
2527 1159 2633 1220 illa
2658 1155 2773 1218 do-

455 1273 617 1327 ceas,
639 1263 892 1333 quorum
915 1257 1104 1335 gratia
1125 1255 1280 1315 veni.
1325 1255 1470 1316 Soc.
1497 1253 1695 1323 Quam
1716 1266 1913 1316 autem
1940 1257 2021 1316 ob
2040 1275 2165 1316 rem
2188 1251 2446 1316 venisti?
2488 1253 2769 1311 svau-s.

451 1346 722 1426 Cupiens
763 1345 1072 1408 addiscere
1111 1357 1298 1408 artem
1339 1347 1613 1416 dicendi;
1658 1367 1795 1409 nam
1842 1349 1919 1408 ab
1974 1347 2192 1421 usuris,
2250 1344 2768 1424 creditor-ibasque

453 1437 818 1500 difficillimis
861 1458 1027 1519 agor,
1067 1440 1248 1512 feror,
1287 1441 1450 1500 bona
1489 1459 1623 1502 mea
1662 1441 1897 1521 pignori
1938 1450 2119 1522 capta
2158 1439 2534 1522 diripiuntur.
2620 1437 2771 1500 Soc.

452 1530 770 1601 Quomodo
811 1551 949 1594 vero
989 1551 1114 1592 nou
1155 1531 1622 1593 animadvertisti
1665 1553 1783 1594 oere
1826 1544 1885 1595 te
1940 1533 2137 1595 alieno
2191 1531 2408 1594 obrui?
2490 1532 2771 1591 Srnus.

452 1623 724 1684 Perdidit
740 1643 834 1685 me
863 1625 1104 1686 morbus
1127 1625 1420 1704 equestris
1448 1625 1724 1686 terribilis
1756 1626 2119 1688 voracitatis.
2148 1625 2269 1686 Sed
2299 1624 2451 1686 doce
2488 1641 2582 1684 me
2618 1623 2772 1684 alte-

451 1734 582 1777 rum
612 1726 846 1777 tuorum
877 1736 1240 1790 sermonum,
1283 1717 1472 1791 illum,
1513 1718 1781 1798 inquam,
1824 1719 1927 1798 qui
1970 1718 2117 1780 nihil
2159 1717 2377 1780 reddit.
2424 1717 2769 1778 Mercedem

451 1829 613 1880 vero,
655 1827 1074 1889 quamcunque
1113 1809 1376 1889 petieris,
1413 1812 1801 1890 praesentaria
1842 1813 2097 1892 pecunia
2138 1831 2233 1873 me
2274 1811 2377 1872 tibi
2434 1809 2770 1870 soluturum

451 1922 558 1982 per
584 1902 729 1964 deos
749 1903 988 1982 jurabo.
1073 1902 1220 1962 Soc.
1265 1901 1382 1962 Per
1407 1923 1701 1983 quosnam
1732 1904 1880 1964 deos
1903 1905 2132 1984 jurabis
2161 1916 2222 1964 tu
2247 1903 2275 1963 ἲ
2314 1903 2565 1984 primum
2606 1901 2767 1962 enim

451 1994 536 2054 dii
563 1995 734 2054 nobis
764 2015 884 2055 non
913 1995 1136 2056 suntin
1167 2013 1304 2054 usu.
1389 1996 1669 2058 Srunrs.
1716 1997 1831 2058 Per
1870 1996 2017 2077 quid
2060 2015 2205 2077 ergo
2234 1993 2500 2076 juratis?
2542 2012 2619 2054 an
2660 2011 2771 2073 per

449 2087 671 2148 ferreos
693 2106 990 2160 nummos,
1015 2087 1170 2147 utin
1201 2087 1543 2168 Byzantio?
1626 2089 1770 2152 Soc.
1816 2089 1955 2150 Vin’
1989 2109 2085 2150 res
2124 2088 2359 2150 divinas
2400 2105 2769 2169 cognoscere

448 2177 606 2240 clare
635 2189 695 2239 et
733 2191 914 2252 recte,
955 2199 1234 2259 quoenam
1277 2179 1446 2241 sint?
1528 2182 1810 2244 Srasrs.
1852 2182 2007 2243 Volo
2048 2183 2269 2255 hercle,
2310 2183 2361 2243 si
2402 2179 2583 2242 modo
2622 2180 2769 2242 ullo

451 2283 612 2334 sunt.
700 2274 847 2334 Soc.
893 2273 972 2333 Et
997 2272 1194 2334 venire
1222 2273 1280 2332 in
1310 2273 1674 2353 colloquium
1712 2294 1848 2336 cum
1894 2273 2453 2348 Nubibus,'nostris
2494 2271 2771 2334 deabus?

451 2365 725 2428 Srusrs.
770 2366 1054 2428 Maxime.
1099 2365 1246 2428 Soc.
1275 2365 1436 2427 Sede
1461 2366 1667 2446 itaque
1695 2367 1756 2428 iu
1786 2387 1962 2430 sacro
1982 2369 2295 2448 grabbato.
2340 2367 2618 2428 Sumus.
2649 2365 2767 2439 Eu,

451 2457 658 2520 sedeo.
743 2458 893 2522 Soc.
937 2457 1124 2519 Porro
1152 2477 1432 2521 coronam
1475 2457 1631 2520 hanc
1672 2479 1844 2542 cape.
1932 2462 2209 2523 Srasrs.
2254 2460 2555 2529 Quorsum
2596 2477 2771 2520 coro-

450 2549 638 2611 nam?
679 2550 869 2623 Eheu,
897 2551 1196 2623 Socrates,
1225 2570 1373 2612 cave
1403 2552 1508 2624 sis,
1542 2571 1617 2612 ne
1658 2573 1772 2625 me,
1816 2556 1969 2616 sicut
2014 2553 2456 2616 Athamantem·
2476 2552 2771 2616 sacrifice-

449 2643 546 2704 tis:
629 2642 771 2703 Soc.
814 2640 954 2704 Non
983 2644 1086 2704 fiet
1109 2651 1138 2702 ε’
1160 2663 1362 2704 verum
1389 2645 1492 2723 qui
1519 2644 1845 2720 initiantur,
1875 2647 2077 2709 omnia
2106 2647 2223 2708 ista
2250 2665 2361 2708 nos
2390 2647 2459 2706 iis
2486 2645 2769 2708 facimus.

448 2734 720 2796 S‘rnsrs.
782 2733 966 2809 Quid,
993 2731 1396 2816 quoeso,⁶nnde
1419 2736 1569 2797 lucri
1596 2737 1876 2818 capiam?
1958 2739 2105 2800 Soc.
2151 2740 2219 2799 In
2246 2737 2505 2803 dicendo
2534 2739 2643 2798 fies
2664 2736 2770 2798 tri·

446 2835 567 2899 tus,
595 2827 1044 2906 crepitaculum,
1072 2827 1275 2908 pollen
1301 2849 1317 2888 :
1351 2828 1458 2888 sed
1487 2829 1755 2908 quiesce.
1826 2832 2101 2896 Stans.
2141 2831 2253 2894 Pol
2280 2851 2374 2894 me
2398 2851 2519 2892 non
2548 2829 2767 2898 falles:

448 2939 586 2982 nam
615 2921 666 2980 si
690 2919 767 2980 ad
804 2920 968 2982 hunc
1007 2919 1250 2982 modum
1293 2940 1677 3002 conspergar,
1718 2923 1923 3008 pollen
1962 2926 2124 2986 flam.
2207 2926 2355 2986 Soc.
2402 2923 2635 3005 Lingua
2673 2923 2767 2985 fa-

446 3031 584 3074 vere
605 3021 848 3092 'oportet
871 3032 1098 3087 senem,
1125 3014 1517 3096 precibusque
1546 3035 1721 3078 aures
1754 3017 2057 3078 adhibere.
2088 3018 2144 3078 0
2166 3037 2292 3092 rex,
2314 3019 2601 3078 immense
2624 3016 2767 3089 Aer,

445 3103 546 3184 qui
584 3113 798 3164 terram
841 3105 1150 3167 sublimem
1193 3117 1385 3180 tenes,
1425 3107 1741 3188 lucideque
1782 3109 2010 3183 AEtber,
2053 3110 2536 3190 venerabilesque
2580 3109 2763 3184 divoe,

450 3198 682 3270 Nubes,
707 3216 845 3276 qum
873 3197 1136 3258 tonitrua
1162 3210 1224 3260 et
1249 3199 1503 3262 fulmina
1530 3202 1791 3276 volvitis,
1818 3203 2046 3283 surgite
2073 3213 2137 3264 et
2158 3215 2463 3284 apparete,
2492 3221 2531 3264 o
2572 3201 2771 3264 domi·

447 3309 567 3364 nm,
596 3288 954 3370 philosopho
973 3289 1280 3352 sublimes.
1365 3293 1643 3354 Srnurs.
1689 3295 1974 3357 Nondum
2001 3295 2205 3368 etiam,
2234 3294 2525 3366 nondum,
2566 3295 2768 3375 prius-

445 3401 626 3463 quam
653 3381 958 3461 duplicata
985 3381 1202 3445 lacinia
1229 3395 1412 3463 caput
1437 3387 1745 3462 obtexero,
1779 3407 1855 3449 ne
1896 3389 2227 3469 compluat.
2270 3389 2453 3450 Mene
2494 3405 2633 3448 vero
2674 3388 2772 3449 in·

447 3475 674 3536 felicem
715 3473 894 3536 domo
935 3495 1244 3556 egressum
1287 3477 1475 3540 fuisse
1516 3480 1647 3542 sine
1690 3481 1932 3561 galero!
2016 3483 2163 3544 Soc.
2206 3481 2445 3544 Adeste
2484 3481 2685 3562 igitur,
2726 3497 2767 3539 o

445 3565 803 3628 venerande
831 3567 1060 3643 Nubes,
1087 3577 1156 3630 ut
1179 3580 1414 3632 vosmet
1438 3571 1581 3634 huic
1608 3573 1965 3647 ostendatis,
1994 3574 2119 3635 sive
2158 3574 2219 3634 iu
2262 3573 2506 3655 Olympi
2547 3572 2769 3635 vertice

447 3679 619 3722 sacro
661 3661 840 3722 nivali
879 3661 1144 3730 sedetisz
1188 3663 1310 3724 sive
1353 3664 1583 3726 Oceani
1625 3667 1812 3746 patris
1856 3667 1917 3726 iu
1966 3665 2154 3728 bortis
2207 3684 2439 3728 sacram
2486 3665 2769 3728 choream

445 3754 750 3818 instituitis
771 3774 906 3815 cum
939 3754 1266 3835 Nymphisz
1311 3757 1434 3817 sive
1462 3758 1613 3820 forte
1641 3759 1703 3820 iu
1735 3758 1856 3820 Nili
1884 3759 2123 3821 fluentis
2146 3777 2363 3839 aquam
2386 3759 2583 3820 aureis
2622 3768 2771 3838 gut-

445 3848 655 3908 turniis
683 3847 968 3916 hauritis;
1011 3867 1104 3909 me
1135 3847 1480 3912 Moeoticam
1507 3852 1787 3914 obtinetis
1818 3851 2120 3933 paludem,
2150 3852 2275 3912 sive
2318 3850 2628 3911 Mimantis
2672 3849 2769 3910 ni-

447 3959 654 4002 vosam
665 3960 902 4021 rupem,
929 3941 1228 4015 exaudite,
1255 3952 1318 4003 et
1345 3943 1597 4025 accipite
1620 3945 1737 4006 boc
1756 3945 2143 4018 sacrificium,
2173 3944 2359 4006 sacris
2391 3942 2486 4003 his
2514 3942 2765 4023 gavisae.

450 4033 676 4094 Cnoac
707 4034 1008 4096 Paeennes?
1053 4033 1282 4108 Nubes,
1311 4034 1587 4096 tollamur
1628 4039 1984 4110 manifestoe,
2014 4037 2255 4100 roscida
2294 4046 2512 4098 natura
2552 4035 2769 4116 agiles,

447 4135 615 4206 patre
655 4127 732 4186 ab
774 4124 1024 4188 Oceano
1063 4127 1324 4206 graviter
1363 4129 1649 4192 fremente
1700 4128 1781 4190 ad
1828 4130 2129 4192 celsorum
2174 4129 2468 4192 montium
2516 4129 2771 4192 vertices

449 4217 759 4278 arboribus
786 4229 1116 4289 comantes,
1147 4219 1307 4280 unde
1335 4221 1693 4302 conspicuas
1720 4223 1899 4304 longe
1928 4224 2168 4304 lateque
2196 4223 2475 4304 speculas
2514 4222 2769 4302 despec-

448 4320 666 4383 tamus,
709 4328 1060 4390 sacramque
1100 4319 1316 4374 terram
1357 4313 1661 4376 fructuum
1700 4327 2030 4396 parentem,
2072 4327 2135 4378 et
2172 4315 2507 4378 divinorum
2548 4313 2767 4374 fluvio·

447 4423 576 4466 rum
603 4403 859 4475 sonitus,
885 4414 948 4464 et
971 4415 1220 4485 pontum
1249 4419 1561 4469 sonantem
1606 4409 1771 4488 gravi
1812 4427 2151 4470 murmure:
2194 4428 2332 4470 nam
2376 4405 2771 4487 infatigabilis

447 4497 658 4560 oculus
687 4495 945 4560 AEtberis
973 4509 1252 4562 coruscat
1288 4499 1492 4564 lucido
1521 4500 1759 4581 jubare.
1842 4502 1967 4564 Sed
1994 4501 2255 4566 decussa
2280 4500 2539 4582 caligine
2566 4499 2772 4564 imbri-
