3059 5059
367 305 446 369 24
1103 291 1915 364 ARISTOPHAle
2322 301 2665 378 [ιω-221

365 435 645 510 vendere,
677 433 784 496 sed
827 451 921 496 me
949 435 1208 496 ludibrio
1236 433 1472 496 habes?
1554 430 1734 493 Dim.
1778 432 2110 501 Quosnam,
2138 425 2344 502 stulte,
2373 431 2672 492 ventricu-

365 529 502 590 los?
525 528 640 588 huc
671 527 935 610 adspice.
981 528 1212 608 Nempe
1237 526 1404 588 vides
1425 525 1667 587 ordines
1682 525 1889 584 horum
1918 521 2291 603 populorum.
2340 523 2423 584 ls.
2456 523 2671 586 Video.

366 623 544 683 Dim.
575 621 829 682 Istorum
859 621 1118 681 omnium
1148 630 1214 682 tu
1244 619 1366 680 dux
1393 629 1454 679 et
1478 618 1757 698 princeps
1785 617 1921 685 eris,
1946 627 2008 677 et
2036 616 2168 688 fori,
2195 625 2257 675 et
2283 625 2579 694 portuum,
2608 627 2673 677 et

363 715 668 777 concionis
696 734 713 775 τ
743 715 1031 776 Senatum
1058 711 1361 773 calcabis:
1390 721 1677 790 praetores
1702 708 2027 788 defringes,
2056 726 2241 768 nervo
2266 707 2667 788 constringes,

361 808 424 868 in
465 827 764 869 carcerem
811 804 1135 886 conjicies:
1179 805 1345 885 ipsus
1395 803 1455 862 in
1486 802 1788 883 Prytaneo
1832 799 2209 862 scortaberis.
2298 799 2382 861 Is.
2412 799 2621 880 Egone
2642 803 2671 860 ’ἒ

363 903 544 962 Dan.
593 901 684 960 Tu
733 899 1015 980 quidem:
1067 906 1129 958 et
1158 895 1425 978 nondum
1455 895 1659 955 omnia
1686 894 1874 955 videsz
1960 894 2079 952 Sed
2112 893 2371 955 ascende
2402 895 2579 955 etiam
2607 895 2664 954 in

361 995 522 1054 hunc
565 995 840 1063 abacum,
891 1000 953 1052 et
1009 998 1222 1070 specta
1271 987 1501 1049 insulas
1532 1006 1741 1048 omnes
1795 986 2205 1047 circumcirca.
2292 984 2376 1047 Is.
2423 988 2665 1068 Specto.

362 1087 544 1148 Dan.
574 1084 734 1156 Quid
765 1083 949 1145 vero?
979 1082 1259 1162 Emporia
1284 1091 1346 1141 et
1375 1101 1559 1142 naves
1588 1078 1940 1140 onerarias?
2010 1078 2094 1138 Is.
2126 1078 2441 1159 Equidem.
2484 1079 2663 1140 Dan.

362 1180 481 1248 Qui
503 1199 646 1259 ergo
669 1198 790 1238 non
821 1178 903 1237 sis
933 1174 1110 1236 valde
1128 1172 1516 1235 fortunatus?
1546 1173 1741 1232 Etiam
1766 1171 2005 1233 oculum
2031 1171 2319 1251 detorque
2344 1173 2404 1232 in
2424 1173 2663 1233 Cariam

359 1272 688 1346 dexterum,
733 1271 986 1331 alterum
1031 1277 1228 1328 autem
1273 1269 1331 1326 in
1387 1265 1854 1326 Chalcedonem.
1942 1265 2022 1324 Is.
2056 1263 2299 1324 Scilicet
2327 1264 2663 1327 fortunatus

359 1385 483 1437 ero,
511 1364 562 1424 si
591 1365 791 1425 strabo
828 1360 1012 1422 fiam?
1095 1360 1272 1420 Dmr.
1322 1360 1508 1419 Immo
1537 1358 1671 1419 haec
1714 1357 1915 1418 omnia
1941 1376 2048 1438 per
2075 1365 2134 1417 te
2162 1368 2439 1418 veneunt.
2526 1359 2663 1419 Fies

357 1459 536 1530 enim,
562 1467 630 1517 ut
657 1455 962 1517 oraculum
1003 1453 1120 1514 hoc
1164 1451 1476 1533 praedicat,
1523 1452 1615 1511 vir
1664 1450 1977 1510 maximus.
2064 1450 2146 1509 ls.
2178 1448 2293 1510 Dic
2320 1449 2484 1523 mihi,
2513 1471 2665 1530 qno-

356 1549 536 1610 modo
565 1568 703 1628 eg0,
729 1546 834 1627 qni
861 1546 1147 1608 isiciarius
1177 1565 1332 1617 sum,
1359 1545 1447 1604 vir
1477 1543 1659 1603 liam?
1742 1542 1919 1602 Dim.
1951 1541 2047 1601 Ob
2066 1541 2126 1600 id
2153 1543 2347 1623 ipsum
2374 1544 2531 1604 enim
2554 1545 2660 1605 fies

358 1661 633 1722 magnus,
666 1641 806 1720 quia
831 1640 1023 1700 malus
1045 1657 1133 1710 es,
1161 1649 1223 1698 et
1245 1657 1399 1697 unus
1429 1657 1462 1696 e
1492 1637 1641 1710 soro,
1668 1635 1927 1714 itemque
1958 1635 2177 1695 audax.
2224 1637 2305 1695 ls.
2341 1635 2659 1718 Indignum

359 1753 454 1793 me
477 1753 612 1793 esse
633 1733 878 1813 deput0,
909 1731 1010 1811 qui
1031 1741 1243 1812 potens
1273 1728 1423 1789 adeo
1457 1731 1613 1790 fiam.
1660 1726 1837 1788 Dan.
1870 1727 1986 1788 Hei
2008 1727 2185 1788 mihi!
2214 1728 2357 1809 quid
2386 1740 2481 1790 est
2498 1732 2660 1810 quod

355 1838 416 1888 te
443 1827 754 1907 indignum
784 1823 1102 1886 autumas?
1133 1823 1348 1884 videris
1389 1821 1534 1881 mihi
1559 1820 1831 1900 praeclari
1870 1820 2177 1901 quidpiam
2227 1821 2332 1881 tibi
2370 1823 2661 1885 conscire.

359 1921 522 1980 Num
553 1939 628 1979 ex
655 1917 832 1979 bonis
861 1927 922 1977 et
947 1917 1149 1997 probis
1178 1935 1244 1976 es
1281 1913 1655 1994 prognatus?
1739 1914 1821 1972 Is.
1854 1913 2063 1986 Immo,
2106 1933 2210 1993 per
2237 1913 2385 1974 deos
2428 1915 2659 1996 adjuro,

357 2033 490 2074 sum
539 2033 613 2072 ex
661 2011 854 2073 malis.
942 2011 1124 2070 Dnu.
1171 2010 1226 2068 Ο
1270 2009 1592 2081 fortunate,
1624 2026 1803 2086 quam
1833 2025 2117 2086 magnum
2156 2025 2193 2066 a
2235 2017 2447 2070 natura
2473 2009 2659 2072 habes

354 2107 766 2188 adjumentum
816 2122 1006 2164 rerum
1057 2101 1451 2184 gerendarum
1477 2106 1492 2158 !
1581 2101 1666 2161 ls.
1720 2099 1865 2171 Sed,
1910 2119 1948 2159 o
1996 2101 2176 2173 bone,
2218 2118 2329 2160 nec
2356 2101 2658 2164 liberalem

355 2199 690 2261 doctrinam
719 2196 926 2276 adtigi,
953 2207 1350 2278 praeterquam
1395 2193 1622 2265 literas,
1676 2212 1786 2253 nec
1816 2211 1919 2252 eas
1946 2191 2187 2272 quidem
2216 2193 2362 2254 satis
2390 2194 2657 2258 feliciter.

356 2293 536 2352 Dum.
569 2291 704 2351 Hoc
733 2289 974 2350 unicum
1017 2289 1121 2350 tibi
1169 2287 1382 2359 officit,
1428 2285 1593 2366 quod
1639 2286 1729 2346 vel
1762 2284 1915 2345 male
1946 2284 2145 2346 literas
2176 2286 2315 2346 scis.
2400 2285 2659 2368 Reipub-

349 2385 486 2446 licoe
517 2383 675 2443 enim
723 2382 1157 2443 administratio
1185 2399 1306 2440 non
1353 2380 1597 2440 doctum
1644 2377 1897 2458 amplius
1934 2379 2218 2458 competit
2244 2380 2303 2439 in
2333 2380 2657 2454 hominem,

353 2496 467 2539 nec
492 2477 646 2537 bene
675 2486 990 2548 moratum,
1022 2473 1130 2536 sed
1161 2475 1220 2534 in
1252 2472 1460 2533 rudem
1489 2483 1554 2532 et
1580 2472 1933 2532 sceleratum
1961 2490 1979 2532 z
2022 2482 2083 2532 tu
2130 2491 2270 2534 veto
2298 2474 2423 2535 noli
2465 2475 2659 2557 negli-

353 2589 541 2662 gere„
561 2589 697 2650 quae
744 2569 849 2629 tibi
896 2568 1046 2629 dant
1093 2567 1152 2626 in
1197 2567 1493 2627 vaticiniis
1545 2565 1649 2625 dii.
1738 2566 1819 2626 Is.
1862 2565 1997 2634 Quo
2045 2564 2223 2626 modo
2268 2567 2471 2648 itaque
2510 2569 2659 2630 dicit

352 2661 708 2722 oraculum?
794 2661 970 2722 Dum.
1005 2661 1190 2730 Bene,
1231 2661 1318 2720 ita
1347 2678 1440 2718 me
1490 2659 1573 2718 dii
1600 2669 1822 2730 ament,
1854 2659 2155 2738 varieque,
2196 2669 2261 2720 et
2290 2662 2441 2722 scita
2470 2665 2657 2723 ambi-

351 2755 576 2834 gnitate
603 2763 948 2815 contextum
976 2764 1089 2814 est.
1136 2752 1256 2814 Sed
1277 2773 1450 2833 quum
1477 2753 1737 2812 maxillis
1756 2753 2142 2832 prehenderit
2168 2757 2429 2816 coriaria
2453 2759 2655 2838 aquila

349 2866 500 2908 unco
537 2855 736 2907 rostro
771 2845 1040 2926 proedr'ta
1085 2844 1396 2910 draconem
1442 2844 1771 2924 stupidum,
1813 2854 2079 2923 potorem
2134 2850 2470 2927 sanguinis,
2517 2872 2656 2910 sane

351 2947 495 3002 tunc
527 2941 988 3020 Paphlagonum
1011 2937 1242 3020 quidem
1268 2941 1462 2998 muria
1484 2938 1699 2998 olliota
1716 2938 1943 3018 peribit
1964 2957 1985 2996 .·
2014 2923 2433 3000 intestinorum
2460 2952 2657 3002 autem

351 3035 758 3095 venditoribus
797 3051 1076 3112 magnoni
1105 3030 1248 3092 deus
1277 3029 1553 3110 largitur
1573 3029 1856 3110 gloriam,
1904 3032 2027 3090 nisi
2054 3033 2108 3090 εἰ
2134 3033 2451 3094 maluerint
2482 3037 2656 3097 t'rr'er'a

350 3127 613 3186 vendere.
701 3124 786 3184 Is.
812 3123 1130 3194 Quomodo
1156 3143 1298 3202 ergo
1327 3124 1458 3182 haec
1487 3122 1565 3181 ad
1598 3142 1689 3181 me
1716 3121 2055 3202 pertinent?
2094 3123 2285 3185 edoce
2312 3147 2429 3187 me.
2474 3127 2652 3190 Dan.

355 3218 617 3278 Coriaria
643 3216 882 3296 quidem
911 3215 1113 3296 aquila
1155 3225 1250 3275 est
1299 3215 1613 3296 Paphlago
1658 3215 1793 3275 iste.
1883 3216 1969 3277 Is.
2001 3215 2161 3285 Quid
2191 3236 2329 3278 vero
2359 3220 2653 3300 significat

351 3329 500 3372 unco
541 3319 738 3370 rostro
759 3309 1072 3389 praedr'ta?
1156 3308 1334 3368 Dum.
1364 3308 1527 3369 Istuc
1578 3307 1916 3369 subindicat
1960 3312 2158 3370 curvis
2202 3331 2337 3373 eum
2380 3315 2655 3376 manibus

350 3422 556 3483 rapere
603 3413 667 3462 et
711 3402 884 3462 ferre.
969 3401 1052 3461 Is.
1095 3400 1218 3462 Sed
1248 3401 1434 3461 draco
1463 3419 1749 3480 quorsum
1780 3401 2059 3483 spectat?
2142 3404 2319 3465 Dan.
2367 3405 2657 3467 Planissi-

351 3513 513 3555 mum
557 3493 674 3554 hoc
709 3503 826 3554 est.·
909 3494 1108 3554 Draco
1153 3494 1310 3555 enim
1354 3503 1449 3553 est
1493 3495 1740 3574 longum
1794 3493 2123 3574 quiddam:
2166 3495 2397 3558 isicium
2450 3499 2655 3561 itidem

350 3577 638 3666 longum:
682 3585 902 3647 deinde
953 3587 1262 3668 sanguinis
1309 3596 1483 3666 potor
1532 3597 1596 3647 et
1644 3581 1871 3647 isiciu'm
1914 3597 2009 3647 est
2052 3599 2115 3648 et
2158 3588 2361 3650 draco.
2446 3593 2655 3673 Itaque

351 3678 676 3739 draconem
735 3679 818 3740 ait
872 3679 1180 3740 coriariam
1238 3678 1498 3759 aquilam
1546 3699 1824 3759 superare
1862 3679 1989 3758 jam
2037 3698 2239 3760 posse,
2280 3683 2329 3741 si
2367 3685 2559 3745 verbis
2588 3707 2653 3747 se

351 3773 544 3854 decipi
573 3791 693 3834 non
724 3773 901 3833 sinat.
984 3774 1069 3835 Is.
1121 3774 1272 3834 Haec
1302 3771 1543 3853 quidem
1584 3773 1867 3833 vaticinia
1906 3793 1999 3833 me
2026 3783 2281 3835 vocant:
2326 3777 2435 3837 sed
2478 3779 2655 3840 miror

352 3885 473 3946 qua
517 3865 748 3926 ratione
791 3875 969 3945 aptus
1015 3867 1126 3926 sim
1168 3863 1561 3947 procurandis
1590 3865 1794 3947 populi
1824 3865 2100 3946 negotiis.
2186 3865 2365 3929 Dan.
2410 3869 2534 3930 Res
2562 3884 2657 3931 est

348 3957 652 4019 facillima.
739 3958 847 4029 Ea,
889 3978 1026 4038 quae
1084 3977 1244 4019 nunc
1287 3959 1457 4034 sacis,
1507 3957 1679 4019 sace:
1725 3959 1915 4033 turba,
1966 3957 2224 4038 implica,
2268 3971 2337 4020 ut
2372 3961 2657 4026 intestina

350 4051 532 4123 soles,
560 4050 644 4110 ita
671 4069 768 4110 res
799 4069 1043 4120 omnes:
1073 4051 1358 4132 populum
1387 4053 1484 4114 fac
1512 4062 1681 4114 tuum
1710 4071 1963 4132 semper,
1986 4051 2243 4113 verbulis
2267 4073 2399 4116 eum
2424 4055 2654 4117 demul-

349 4163 494 4206 cens
539 4143 924 4223 coquinariis.
1007 4144 1224 4204 Cetera
1250 4145 1530 4207 tibi·sunt
1557 4146 1617 4205 in
1650 4144 1896 4218 inundo,
1942 4145 2159 4224 quibus
2190 4146 2473 4226 populum
2508 4169 2657 4210 con-

347 4236 512 4297 cilies
551 4236 693 4295 tibi:
737 4255 854 4296 vox
903 4237 1055 4311 dira,
1097 4248 1312 4299 natura
1357 4239 1550 4300 malus
1599 4258 1689 4312 es,
1734 4238 1986 4299 forensis
2042 4257 2146 4298 es:
2190 4239 2376 4300 habes
2432 4245 2650 4317 omnia,

348 4329 562 4409 quibus
593 4345 740 4388 usus
757 4329 944 4389 estad
965 4331 1382 4411 rempublicam
1403 4330 1937 4393 administrandam
1962 4351 1977 4392 :
2008 4332 2251 4394 oracula
2271 4336 2653 4410 conveniunt,

349 4431 410 4481 et
431 4423 629 4502 ipsum
659 4421 994 4502 Pythicum.
1079 4422 1202 4484 Sed
1249 4425 1428 4505 capiti
1473 4426 2059 4505 coronam-impone,
2096 4437 2157 4488 et
2186 4427 2309 4488 liba
2338 4429 2652 4504 Coalemo,
