3059 5059
425 300 502 362 14
1153 291 1971 359 aarsrornAms
2374 289 2729 370 [wo-83³

419 429 556 490 mei.
640 427 732 488 Tu
760 445 898 490 vero
925 424 1062 488 illos
1081 421 1252 506 cuj‘us
1281 443 1416 488 ease
1444 421 1667 505 putee?
1708 420 1827 484 viu’
1854 419 2241 500 grunnientes
2260 417 2511 485 audin-03
2572 419 2730 482 Dm.

421 519 734 601 Equidem,
757 519 842 580 ita
869 537 964 580 me
991 518 1073 580 dii
1101 528 1321 580 ament.
1381 517 1563 578 Mso.
1606 515 1783 578 Mitte
1804 514 1973 576 ocius
2000 533 2227 586 vocem,
2254 511 2537 592 porcella.
2590 511 2731 574 Nou

417 631 567 674 usus
609 623 704 672 est
757 612 862 674 tibi
905 611 1168 683 silentio,
1208 608 1649 690 perditissime:
1694 607 2055 668 Mercurium
2096 605 2329 686 adjuro,
2370 604 2613 668 domum
2640 626 2733 668 re·

415 705 746 786 portaberis
769 705 992 766 denuo.
1073 703 1284 764 Puer..
1329 702 1598 774 Coi,coI.
1662 699 1845 762 Muo.
1892 700 2077 760 Estne
2106 695 2492 778 bicporcuc?
2574 697 2729 761 Dm.

419 799 600 860 Nunc
627 797 868 878 quidem
895 815 1114 878 porcus
1141 796 1414 864 videtur:
1459 795 1567 856 sed
1598 794 1651 852 si
1698 793 1881 873 probe
1911 791 2203 854 nutriatur
2228 791 2493 870 quinqua
2514 809 2731 863 annos,

416 911 652 953 cunnus
703 891 829 952 fiet.
912 891 1094 951 Meo.
1135 889 1317 950 Certo
1355 888 1539 958 scias,
1582 885 1753 948 matri
1802 885 2233 966 exaequabitur.
2318 884 2469 944 Dm.
2512 883 2633 946 Sed
2654 904 2732 946 ne

417 985 661 1065 quidem
691 983 1006 1062 sacrificari
1044 981 1142 1042 bic
1185 991 1404 1060 potest.
1487 980 1669 1040 Meo.
1712 977 2021 1046 Quidum!
2064 978 2201 1047 Qua
2226 978 2303 1040 de
2331 996 2519 1040 causa
2546 979 2731 1040 sacri

417 1078 584 1140 ficari
623 1096 742 1137 uon
797 1074 1037 1156 potest?
1120 1074 1272 1137 Dm.
1313 1073 1591 1136 caudam
1648 1089 1769 1133 nou
1813 1070 2016 1132 habet.
2126 1068 2731 1132 M20.Juvencu1ns

418 1172 576 1233 euim
629 1180 756 1231 est:
799 1168 907 1230 sed
935 1167 1176 1230 adultus
1204 1167 1448 1227 habebit
1470 1184 1752 1244 magnam
1780 1173 1843 1224 et
1866 1183 2133 1228 crassam
2158 1174 2219 1225 et
2246 1163 2507 1226 rubram.
2610 1161 2731 1224 Sed

417 1265 470 1326 si
509 1264 670 1326 alere
709 1262 820 1334 vis,
859 1261 959 1321 hic
998 1260 1106 1321 tibi
1148 1279 1363 1341 porcus
1403 1260 1597 1320 bonus
1650 1269 1767 1319 est.
1846 1259 2001 1320 Dm.
2043 1257 2239 1326 Quam
2278 1274 2596 1336 germanus
2638 1265 2733 1316 est

415 1357 598 1436 lituus
639 1375 874 1418 cunnus
915 1352 1115 1414 alteri!
1199 1353 1382 1414 Mne.
1441 1353 1551 1414 Est
1579 1353 1735 1413 euim
1764 1373 1841 1414 ex
1866 1350 2079 1414 eadem
2104 1361 2292 1412 matre
2330 1361 2395 1411 et
2416 1369 2495 1412 ex
2518 1348 2733 1411 eodem

417 1459 610 1530 patre.
691 1449 753 1508 Si
807 1466 946 1508 vero
985 1445 1244 1507 crassior
1285 1446 1479 1506 factus
1521 1446 1721 1518 fuerit,
1750 1454 1813 1506 et
1857 1442 2283 1524 pullulantibus
2310 1443 2541 1506 obsitus
2568 1443 2729 1522 pilis,

417 1541 764 1622 aptissimus
807 1539 918 1600 erit
958 1557 1200 1618 porcus,
1254 1537 1358 1616 qui
1411 1537 1632 1598 Veneri
1686 1538 2093 1600 sacrificetur.
2156 1535 2309 1598 Dm.
2328 1529 2473 1606 Sed
2512 1535 2731 1599 Veneri

417 1651 637 1714 porcus
666 1630 980 1692 sacrificari
1003 1649 1124 1690 ιιοιι
1155 1628 1330 1691 solet.
1413 1630 1596 1691 Meo.
1641 1629 1778 1692 Non
1808 1649 2027 1710 porcus
2059 1627 2316 1690 Veneri?
2376 1627 2555 1690 immo
2582 1627 2729 1690 solo

419 1726 665 1788 deorum
693 1723 993 1784 omnium:
1051 1734 1113 1783 et
1139 1723 1206 1784 fit
1249 1741 1561 1804 porcorum
1600 1722 1847 1784 istorum
1876 1741 2018 1783 caro
2064 1720 2440 1794 suavissima,
2486 1739 2623 1785 cum
2666 1721 2735 1780 fl·

419 1819 580 1901 gitur
626 1837 790 1878 veru.
877 1816 1028 1876 Dm.
1085 1816 1299 1876 Jamne
1325 1835 1461 1877 vero
1505 1815 1635 1876 sine
1662 1825 1850 1876 matre
1904 1812 2329 1876 comederent?
2412 1815 2593 1876 Mne.
2638 1814 2731 1876 Ita

419 1930 588 1983 sane,
611 1929 716 2016 per
743 1878 1133 1989 Neptunum
1108 1927 1287 1988 Juro·
1297 1909 1472 1989 quin
1501 1909 1681 1970 etiam
1708 1908 1836 1970 sine
1864 1919 2053 1989 patre.
2138 1906 2291 1968 Dm.
2332 1906 2495 1976 Quid
2532 1916 2729 1968 autem

417 2001 791 2085 potissimum
863 1999 1234 2060 comedunt?
1336 2001 1516 2064 Meo.
1560 2001 1867 2082 Quidquid
1924 1999 2179 2062 dederis.
2265 1999 2441 2078 Ipsus
2488 1999 2565 2060 ab
2612 1997 2731 2060 illis

419 2116 642 2177 quaere.
702 2095 850 2154 Dm.
884 2094 1092 2167 Porce,
1121 2113 1318 2173 poree.
1403 2094 1612 2158 Pom..
1658 2095 1705 2155 1.
1750 2095 1884 2167 Coi,
1910 2095 2026 2155 coi.
2094 2092 2245 2154 Dm.
2290 2091 2729 2154 Comederesue

417 2187 618 2250 cicer?
700 2185 910 2247 Puer..
955 2188 1004 2245 1.
1077 2187 1212 2259 Coi,
1269 2189 1386 2259 coi',
1439 2189 1559 2250 coi.
1652 2187 1807 2248 Dm.
1877 2185 2036 2255 Quid
2094 2183 2281 2246 vero?
2378 2183 2729 2246 caricasuei

419 2283 630 2343 Post..
672 2281 724 2341 1.
766 2280 904 2350 Coi,
952 2281 1068 2341 coi.
1149 2281 1304 2346 Dm.
1346 2280 1440 2340 Tu
1491 2300 1634 2342 vero
1680 2279 1874 2361 quid?
1914 2277 2334 2340 comederesne
2374 2295 2481 2338 eas
2506 2275 2731 2338 etiam?

419 2374 633 2438 Pom..
676 2372 758 2434 11.
799 2372 936 2445 Coi,
963 2373 1080 2436 co'i.
1165 2372 1315 2434 Dm.
1360 2373 1556 2443 Quam
1587 2385 1761 2435 acute
1790 2372 1870 2435 ad
1898 2371 2126 2432 caricas
2156 2370 2457 2432 clamant!
2502 2369 2731 2430 Efferat

418 2467 634 2547 aliquis
674 2465 794 2526 huc
842 2466 1004 2531 intus
1045 2467 1270 2526 caricas
1320 2467 1622 2546 porcellis.
1706 2466 1883 2526 Anne
1902 2453 2089 2546 ¹etiam
2112 2461 2469 2524 comedenti
2510 2461 2729 2542 Papoel

420 2570 648 2641 quanto
673 2571 888 2620 vorant
911 2579 1048 2620 cum
1077 2559 1350 2638 strepitu,
1381 2579 1418 2642 o
1447 2557 1786 2620 venerande
1814 2557 2105 2620 Hercules
2134 2561 2149 2618 l
2192 2554 2437 2636 cujates
2466 2563 2609 2616 eunt
2632 2555 2731 2616 inti

419 2651 711 2736 porcelli?
751 2671 963 2733 nempe
1007 2671 1083 2715 ex
1141 2653 1389 2714 Ver-acia
1429 2651 1708 2714 videntur
1746 2671 1902 2714 esse.
1944 2650 2067 2714 Sed
2108 2649 2234 2712 fieri
2276 2668 2395 2710 uon
2418 2655 2639 2730 potest,
2662 2657 2732 2709 ut

421 2767 632 2810 omues
683 2748 912 2810 caricas
955 2748 1343 2810 comederint.
1433 2749 1615 2812 Meo.
1664 2747 1796 2809 Nisi
1838 2748 1983 2828 quia
2030 2766 2211 2806 unam
2266 2765 2467 2806 earum
2516 2743 2731 2805 sustuli

417 2841 670 2904 hancce.
757 2842 908 2904 Dm.
961 2840 1190 2922 Edepol
1237 2841 1452 2922 lepidoe
1481 2852 1623 2903 suut
1642 2843 1775 2904 istoe
1804 2839 2089 2921 pecudes.
2169 2838 2395 2908 Quanti
2418 2837 2655 2898 emerim
2694 2855 2733 2896 a

421 2943 484 2995 te
507 2934 620 2996 hos
645 2933 996 3015 porcellos?
1053 2953 1185 3012 age.
1253 2935 1434 2996 Meo.
1479 2937 1748 2996 Alterum
1780 2933 2017 3014 quidem
2064 2930 2337 2992 alliorum
2384 2927 2728 3008 manipulo:

419 3023 674 3090 alterum
701 3046 864 3100 vero,
913 3027 964 3086 si
1015 3028 1122 3094 tibi
1156 3027 1528 3102 collubuerit,
1568 3027 1751 3088 unico
1778 3026 1922 3086 salis
1949 3024 2237 3086 choenice.
2319 3023 2473 3083 Dm.
2524 3021 2731 3082 Emam

421 3119 532 3180 abs
559 3129 639 3180 te.
721 3119 1006 3199 Opperire
1034 3119 1151 3182 hic.
1206 3119 1386 3181 Mso.
1431 3121 1581 3182 Hoec
1620 3120 1861 3200 quidem
1890 3137 2169 3198 prospere
2196 3124 2527 3178 cesserunt.
2568 3113 2733 3173 Mer-

419 3213 568 3286 curi,
585 3211 956 3299 lucri-dator,
985 3211 1204 3285 adnue,
1229 3223 1298 3273 ut
1315 3232 1557 3274 uxorem
1574 3233 1767 3274 meam
1792 3213 1881 3273 sic
1902 3209 2177 3282 vendam,
2202 3203 2510 3287 meaiuque
2542 3205 2729 3286 ipsius

419 3314 690 3366 matrem.
774 3305 929 3366 δῖα.
989 3305 1158 3365 Heus
1205 3317 1294 3378 tu,
1345 3306 1510 3386 cujas
1552 3305 1665 3367 es?
1751 3305 1930 3365 Meo.
1974 3302 2325 3367 Porculator
2362 3299 2729 3380 Megaricus.

419 3397 582 3460 δῖα.
610 3396 870 3459 Proinde
885 3397 1179 3478 porcellos
1206 3397 1378 3470 istos,
1403 3407 1582 3480 teque
1610 3400 1808 3480 ipsum
1829 3396 2116 3468 deferam,
2142 3407 2429 3476 tanquam
2454 3394 2727 3456 hostiles.

423 3491 604 3552 Meo.
649 3493 806 3552 Ecce
840 3491 1052 3576 iterum
1076 3491 1196 3551 hoc
1225 3492 1419 3572 ipsum
1457 3493 1633 3566 redit,
1660 3491 1825 3553 unde
1852 3489 2025 3552 uobis
2054 3499 2323 3552 exortum
2371 3497 2468 3549 est
2512 3487 2731 3568 priuci-

421 3583 584 3662 pium
612 3583 924 3645 malorum.
1009 3585 1163 3646 Src.
1207 3584 1363 3646 Cum
1389 3603 1611 3665 magno
1639 3596 1745 3647 tuo
1772 3585 1936 3644 malo
1964 3581 2442 3663 megaricissabis
2468 3601 2485 3643 ι
2528 3599 2728 3642 noune

419 3675 688 3754 dimittes
739 3676 1027 3739 saccum?
1109 3677 1291 3739 Mne.
1351 3677 1706 3759 Dicoeopoli,
1763 3676 2121 3756 Dicaeopoli,
2167 3674 2403 3736 deferor
2438 3694 2477 3734 a
2522 3673 2730 3735 nescio

419 3789 564 3850 quo.
648 3770 804 3832 Dm.
846 3769 998 3838 Quis
1047 3779 1164 3845 est,
1213 3771 1316 3850 qui
1349 3780 1408 3831 te
1449 3769 1683 3834 defert?
1724 3791 1833 3834 vos
1878 3789 2043 3844 vero,
2086 3767 2472 3848 Agorauomi,
2528 3787 2729 3829 nonne

419 3860 758 3922 excludetis
798 3862 1294 3943 quadruplatores
1343 3862 1544 3924 foras?
1589 3863 1773 3936 Quid,
1816 3863 2065 3934 malum,
2114 3881 2151 3922 o
2200 3860 2439 3935 stolide,
2468 3859 2729 3942 quadru-

420 3953 587 4032 plare
617 3955 746 4016 siue
765 3954 1002 4017 funali?
1085 3956 1242 4016 SYc.
1285 3957 1503 4017 Annon
1525 3957 1793 4018 deferam
1814 3953 2066 4016 hostes?
2150 3954 2302 4014 Dm.
2332 3955 2485 4014 Cum
2510 3973 2727 4036 magno

421 4055 528 4106 tuo
549 4047 728 4121 melo,
751 4049 864 4108 nisi
893 4048 1176 4110 aliorsum
1203 4049 1404 4122 abeas,
1433 4049 1538 4110 ubi
1564 4047 1927 4110 calumniam
1952 4066 2259 4110 exerceas.
2316 4048 2497 4110 Mau.
2540 4047 2731 4120 Quale

419 4140 539 4201 hoc
569 4141 818 4202 Athenis
859 4142 1017 4205 inest
1051 4142 1311 4202 malum!
1395 4142 1551 4204 Dm.
1594 4143 1766 4204 Bono
1811 4141 2011 4203 animo
2044 4159 2135 4215 es,
2174 4141 2499 4220 Megarice.
2579 4140 2732 4220 Age,

421 4253 546 4314 quo
595 4233 890 4314 porcellos
935 4234 1258 4296 vendidisti
1293 4236 1506 4316 pretio,
1534 4235 1742 4316 accipe
1771 4235 1911 4298 allia
1952 4234 2071 4294 ista
2098 4241 2160 4299 et
2186 4231 2409 4303 saleru;
2450 4231 2737 4292 multumn-

421 4345 542 4406 que
595 4326 747 4388 vale.
816 4329 1037 4393 .Muu.
1079 4328 1203 4388 Sed
1251 4329 1448 4391 valere
1495 4329 1658 4411 apud
1703 4348 1816 4390 nos
1863 4327 2042 4388 moris
2090 4346 2215 4388 uon
2263 4337 2379 4388 est.
2464 4325 2613 4385 Dm.
2658 4323 2729 4383 Iu

421 4439 624 4482 meum
661 4440 806 4501 ergo
843 4431 1027 4502 caput
1053 4429 1263 4497 vertat,
1293 4421 1436 4503 quia
1473 4423 1670 4485 miuus
1698 4431 2035 4504 opportune
2066 4419 2205 4484 dixi.
2294 4421 2475 4485 Meo.
2518 4417 2573 4476 Ο
2594 4433 2732 4498 por·-
