3059 5059
1219 727 1905 853 NUBEs

1250 976 1264 979 -
1275 974 1286 980 -
1305 973 1569 983 .-—-—-—-—-.
1578 974 1809 983 *ω’-ιω-
1820 974 1833 977 -

1025 1117 1527 1219 DRAMATtS
1604 1115 2105 1185 PERSONAE.

657 1273 1142 1333 Sruzrsunzs.
1722 1270 1969 1329 ,lus-rus
1998 1266 2307 1327 Oruros.

651 1363 1134 1425 Pmmrrmzs.
1726 1363 2051 1423 Imusrus
2082 1360 2386 1421 Onu-on.

647 1457 977 1516 Fauunus
1009 1455 1394 1536 Strepsiadis.
1728 1453 2343 1532 Pasussoeneraeor.

655 1550 1011 1609 Dtscrrum
1039 1549 1324 1610 Socratis.
1733 1547 1969 1606 Tzs'ns
2000 1547 2226 1605 Pasiae.

651 1642 1012 1703 Socrui-res.
1732 1637 2428 1715 Aurnussoenerator.

659 1733 942 1796 Cnouus
973 1732 1283 1795 Nomou.
1734 1732 2197 1793 Crumerum«.

1339 1952 1346 1959 ,
1415 1887 1703 1968 [1—40.]

405 1986 712 2077 Srsssrs.
757 2010 949 2084 Eheu,
994 2012 1182 2072 eheu!
1251 2012 1306 2071 Ο
1353 2030 1630 2093 supreme
1680 2008 1934 2091 Jupiter,
1982 2009 2159 2070 satin’
2200 2009 2434 2070 infinita
2484 2030 2581 2070 res
2629 2022 2733 2071 est

405 2104 716 2171 noctium?
758 2122 1140 2183 nunquamne
1187 2104 1316 2163 dies
1365 2104 1517 2164 fiet?
1565 2104 1749 2183 Atqui
1794 2102 2019 2163 dudum
2054 2120 2169 2182 ego
2217 2102 2419 2162 audivi
2466 2101 2729 2182 gallum.

405 2199 577 2261 Servi
604 2208 802 2258 tamen
847 2206 1142 2257 stertunt:
1185 2208 1250 2257 at
1290 2197 1547 2257 antehac
1586 2196 1650 2256 id
1690 2214 1811 2255 non
1853 2194 1985 2267 ausi
2025 2195 2298 2255 fuissent.
2342 2194 2564 2255 Peress
2606 2196 2730 2255 ita-

401 2312 544 2371 que,
575 2289 832 2361 Bellum,
859 2287 1062 2349 multis
1089 2288 1168 2350 de
1207 2288 1430 2363 causis,
1475 2300 1603 2349 tum
1648 2308 1789 2349 vero
1832 2289 1975 2367 quia
2020 2306 2133 2348 nec
2176 2306 2383 2347 servos
2420 2288 2731 2367 castigare

403 2384 548 2444 mihi
575 2384 738 2444 licet.
779 2380 902 2441 Sed
931 2402 1124 2461 neque
1149 2384 1346 2443 bonus
1375 2383 1488 2443 iste
1519 2381 1875 2441 adolescens
1904 2382 2335 2460 expergiscitur
2353 2390 2482 2443 totu
2502 2392 2731 2451 nocte:

405 2496 606 2537 verum
635 2475 820 2557 pedit,
847 2475 1112 2555 quinque
1140 2474 1435 2535 lodicibus
1463 2474 1791 2535 involutus.
1862 2473 2008 2547 Sed,
2036 2474 2087 2533 si
2118 2474 2370 2547 videtur,
2400 2482 2733 2535 stertamus

403 2569 646 2631 obtecti.
729 2568 810 2627 At
835 2568 989 2627 enim
1019 2587 1140 2627 nou
1167 2587 1414 2649 possum
1447 2567 1699 2629 dormire
1728 2566 1927 2639 miser,
1970 2566 2073 2646 qui
2114 2566 2393 2628 mordeor
2429 2587 2468 2628 a
2510 2568 2736 2629 sumti-

403 2662 544 2734 bus,
571 2671 634 2722 et
657 2660 935 2742 proesepi,
964 2670 1026 2721 et
1053 2660 1248 2721 alieno
1275 2679 1418 2734 oere,
1447 2671 1691 2741 propter
1726 2659 1907 2720 istum
1955 2669 2224 2739 gnatum.
2271 2660 2381 2721 llle
2424 2680 2567 2722 vero
2618 2682 2737 2723 co-

401 2774 562 2815 mum
587 2754 758 2816 alens
785 2754 1034 2834 equitat,
1063 2763 1124 2813 et
1145 2753 1318 2834 bigas
1364 2754 1510 2833 agit,
1558 2764 1621 2813 et
1662 2772 1849 2831 equos
1908 2752 2201 2812 somniat:
2244 2762 2309 2813 at
2352 2774 2471 2834 ego
2519 2774 2732 2835 pereo,

399 2867 588 2929 quum
615 2846 791 2909 video
821 2847 1048 2907 Lunam
1076 2845 1376 2907 adducere
1403 2846 1721 2925 trigesimos
1750 2846 1915 2905 dies:
1956 2863 2095 2904 nam
2122 2864 2323 2907 usura
2364 2846 2732 2926 procedunt.

403 2938 784 3013 ——Accende,
811 2958 977 3019 puer,
1007 2939 1333 3012 lucernam,
1354 2949 1418 2998 et
1444 2937 1589 2998 effer
1616 2937 1888 3009 tabellas,
1916 2946 1985 2997 ut
2014 2939 2223 2997 sumtis
2268 2938 2389 2998 illis
2438 2940 2733 3014 recolam,

397 3043 550 3112 quot
573 3033 698 3092 sint
722 3032 940 3111 quibus
969 3030 1180 3106 debeo,
1207 3042 1268 3091 et
1299 3050 1512 3091 usuras
1542 3030 2113 3110 computem—Age
2138 3030 2390 3106 videam,
2420 3033 2569 3113 quid
2616 3034 2733 3095 de-

397 3124 556 3184 beo?
601 3122 933 3183 Duodecim
962 3123 1154 3183 minas
1183 3124 1404 3184 Pasiae.
1447 3122 1843 3191 Quamobrem
1876 3122 2193 3183 duodecim
2234 3126 2427 3185 mines
2478 3125 2733 3187 Pssioe?

398 3236 660 3297 quonam
695 3234 800 3277 ees
848 3214 1445 3285 insumsi?,Quando
1492 3215 1831 3297 coppatiem
1877 3216 2015 3276 emi.
2060 3217 2173 3276 Hei
2222 3218 2445 3278 miser!
2488 3220 2727 3279 utinam

397 3328 692 3371 excussus
740 3308 884 3369 mihi
926 3307 1094 3389 prius
1144 3307 1358 3368 fuisset
1411 3308 1625 3369 oculus
1680 3306 1914 3387 lepide!
1998 3307 2205 3369 Pmn.
2265 3310 2464 3383 Philo,
2518 3310 2732 3391 inique

398 3403 572 3482 agis:
615 3420 972 3480 persequere
1001 3409 1168 3460 tuum
1217 3400 1408 3479 ipsius
1455 3399 1839 3461 curriculum.
1920 3402 2201 3462 Srnnrs.
2244 3402 2383 3462 Hoc
2428 3401 2582 3463 illud
2630 3414 2733 3465 est

398 3494 643 3567 malum,
667 3493 829 3573 quod
860 3513 954 3553 me
981 3493 1243 3572 perdidit
1267 3514 1283 3553 ε
1327 3512 1468 3553 nam
1495 3493 1675 3553 etiam
1701 3492 2000 3553 dormiens
2030 3512 2151 3554 rem
2198 3506 2538 3574 equestrem
2592 3498 2730 3555 ani-

399 3606 500 3647 mo
529 3586 738 3667 agitat.
792 3585 992 3646 Pmn.
1025 3584 1190 3653 Quot
1215 3586 1488 3646 cursibus
1507 3585 1809 3665 peragitur
1830 3584 2033 3645 curule
2050 3587 2399 3647 certamen?
2438 3589 2729 3650 Srnm’s.

401 3680 504 3739 Me
531 3679 770 3759 quidem
794 3688 1018 3759 patrem
1049 3688 1216 3759 tuum
1247 3678 1452 3738 multis
1481 3688 1547 3737 tu
1572 3676 1843 3755 exagitas
1864 3678 2325 3741 cursibus.-At
2344 3680 2504 3740 enim
2526 3682 2731 3760 quod-

399 3791 538 3831 nam
567 3792 660 3833 me
687 3782 826 3852 post
855 3771 1094 3831 Pasiam
1125 3771 1345 3830 invasit
1373 3790 1460 3830 oes
1491 3768 1795 3830 alienum?
1836 3770 1982 3829 Tres
2004 3770 2184 3829 miuoe
2206 3789 2315 3851 pro
2344 3774 2645 3833 curriculo
2664 3785 2731 3835 et

397 3864 543 3923 rotis
596 3865 884 3945 Amyniae.
973 3864 1179 3925 Prun.
1223 3862 1440 3923 Abduc
1487 3882 1709 3941 equum
1755 3861 2015 3933 domum,
2063 3864 2397 3925 volutatum
2442 3868 2613 3947 prius
2664 3868 2727 3928 in

393 3954 656 4033 pulvere.
737 3957 1012 4017 Srnzrs.
1058 3957 1158 4027 At,
1189 3976 1228 4014 o
1249 3956 1446 4026 miser,
1477 3954 1747 4015 evolvisti
1776 3974 1867 4013 me
1888 3974 1963 4013 ex
1991 3955 2139 4014 meis
2180 3957 2377 4032 bonis,
2422 3959 2729 4039 siquidem

395 4046 530 4107 aliis
550 4048 674 4126 jam
709 4050 1002 4109 obnoxius
1033 4068 1165 4109 sum
1193 4068 1226 4108 e
1253 4068 1318 4107 re
1337 4046 1635 4126 judicata,
1666 4046 1767 4106 alii
1797 4057 1993 4106 eutem
2020 4066 2129 4127 pro
2152 4052 2353 4111 usuris
2396 4054 2563 4113 aiunt
2596 4056 2733 4135 pigi-

397 4158 546 4199 ηοω
568 4151 955 4222 ste-capturos.
1039 4142 1246 4201 Pmn.
1295 4142 1542 4211 Quoeso,
1570 4148 1760 4217 pater,
1790 4137 1933 4217 quid
1960 4139 2045 4199 ite
2086 4142 2302 4202 anxius
2350 4164 2443 4217 es,
2484 4154 2551 4205 et
2595 4156 2733 4207 tota

393 4245 572 4292 nocte
614 4232 732 4294 huc
777 4234 918 4295 illuc
948 4244 1008 4294 te
1048 4232 1304 4294 versas?
1387 4233 1667 4291 Srnzrs.
1709 4228 1949 4292 Mordet
2000 4252 2095 4293 me
2138 4234 2514 4296 Demarchus
2558 4239 2735 4317 quis-

393 4324 552 4401 piam
603 4344 637 4384 e
679 4326 980 4405 stragulis.
1066 4326 1276 4385 Pmn.
1331 4323 1475 4383 Sine
1514 4342 1632 4396 me,
1684 4342 1723 4381 o
1766 4324 1942 4397 bone,
1970 4324 2407 4404 aliquantulum
2438 4329 2731 4391 dormire.

394 4416 670 4481 Srnnrs.
707 4420 911 4481 Dormi
939 4430 1004 4479 tu
1031 4438 1214 4497 ergo:
1247 4418 1400 4479 scito
1429 4426 1627 4478 tamen
1652 4436 1737 4476 ses
1766 4415 1921 4479 istuc
1950 4416 2210 4480 alienum
2232 4440 2412 4484 omne
2444 4423 2504 4483 in
2536 4436 2735 4505 caput
