3059 5059
351 355 710 438 829—8871
1229 361 1280 422 E
1302 363 1358 433 Q
1378 361 1431 422 υ
1455 363 1482 424 1
1503 363 1555 424 ‘r
1576 361 1625 422 E
1643 363 1707 422 S.
2584 363 2665 424 ³5

347 501 472 546 non
504 489 813 568 gaudeasz
857 507 993 550 nam
1011 499 1080 550 ‘te
1108 491 1369 554 furatum
1419 513 1555 555 esse
1599 504 1721 555 tres
1764 491 2069 574 myriadas
2114 491 2487 556 convincam.
2570 491 2667 554 Is,

349 576 514 646 Quid
543 582 974 644 tumultuaris?
1012 584 1158 662 quid
1207 586 1536 665 strepitas?
1577 587 1679 667 qui
1730 587 2027 665 pessimus
2070 606 2137 647 es
2186 605 2331 668 erga
2368 583 2659 667 populum

346 671 797 737 Atheniensem.
881 677 958 737 Et
987 686 1044 737 te
1071 677 1408 752 ostendam,
1432 680 1516 741 ita
1540 699 1637 740 me
1660 680 1843 740 Ceres
1872 689 2051 752 amet,
2080 689 2187 740 aut
2221 699 2298 740 ne
2340 678 2559 753 vivam,
2583 697 2660 740 ex

347 763 644 848 Mitylene
673 768 808 850 plus
838 789 1018 849 quam
1045 769 1444 850 quadraginta
1481 773 1674 832 minas
1718 771 1877 832 dono
1926 772 2249 854 accepisse.
2338 771 2556 834 Cnon.
2601 769 2657 830 Ο

347 861 454 936 qui
484 863 763 924 omnibus
791 862 1134 923 hominibus
1163 863 1420 924 maximo
1461 865 1861 927 emolumento
1906 876 2150 926 exortus
2197 884 2285 938 es,
2311 865 2551 926 beatum
2600 873 2659 926 te

344 953 618 1032 'proedico
646 957 724 1016 ob
755 955 992 1016 dicendi
1022 955 1407 1026 facultatem:
1455 957 1505 1017 si
1541 958 1698 1018 enim
1724 957 1809 1018 ita
1836 958 2181 1037 perrexeris,
2208 957 2500 1016 maximus
2540 957 2657 1016 eris

347 1047 727 1121 Graecorum,
759 1059 823 1109 et
868 1047 1030 1109 solus
1073 1049 1304 1110 tenebis
1350 1051 1795 1130 rempublicam,
1830 1050 2128 1131 sociisque
2172 1049 2511 1130 imperabis,
2554 1048 2659 1109 tri·

349 1139 596 1202 dentem
627 1161 865 1222 gerens,
893 1159 1014 1221 quo
1041 1161 1322 1220 magnam
1350 1145 1623 1222 pecuniae
1650 1143 1769 1202 vim
1798 1143 2100 1216 conficies,
2129 1142 2403 1223 quatiens
2429 1152 2493 1202 et
2534 1152 2685 1203 tur·.

345 1233 532 1295 banse
609 1234 729 1296 Sed
761 1253 840 1294 ne
867 1233 1131 1295 dimittas
1159 1233 1479 1308 hominem,
1507 1244 1827 1315 postquam
1858 1234 1959 1296 tibi
1992 1254 2199 1294 ansam
2241 1233 2528 1313 proebui't:
2571 1235 2660 1300 fa·,

342 1325 464 1385 cile
491 1326 650 1387 enim
685 1347 822 1388 eum
869 1325 1097 1399 vinces,
1127 1325 1420 1406 ejusmodi
1461 1328 1693 1389 habens
1742 1327 1951 1388 latera.
2036 1327 2238 1388 szo.
2283 1326 2590 1401 Nondum,
2622 1345 2665 1387 o

347 1417 516 1492 boni,
543 1437 618 1479 eo
645 1419 820 1480 rediit
849 1439 968 1492 res,
995 1419 1081 1479 ita
1105 1439 1199 1479 me
1229 1419 1547 1500 Neptunus
1576 1430 1775 1488 amen
1820 1429 2019 1480 exstat
2043 1421 2196 1482 enim
2224 1439 2420 1480 meum
2465 1420 2661 1501 quod-

345 1509 494 1570 dam
519 1511 756 1572 facinus
782 1510 936 1572 adeo
961 1512 1332 1592 praeclarum,
1361 1523 1429 1572 ut
1471 1513 1745 1574 omnibus
1794 1513 1943 1574 meis
1983 1511 2232 1573 inimicis
2283 1532 2352 1573 os
2384 1516 2661 1574 obturare

345 1603 602 1683 possim,
631 1603 915 1684 quamdiu
965 1604 1192 1684 aliquid
1243 1604 1533 1685 supererit
1580 1605 1657 1666 de
1704 1605 1929 1687 clypeis
1969 1606 2029 1665 in
2075 1603 2229 1686 Pylo
2276 1608 2487 1685 captis.
2573 1607 2662 1670 Is.

344 1697 628 1758 Subsiste
648 1699 708 1756 in
739 1698 1035 1758 mentione
1063 1697 1442 1779 clypeorum:
1486 1717 1623 1758 nam
1653 1697 1793 1759 mihi
1822 1717 2031 1758 ansam
2060 1697 2303 1759 dedisti.
2348 1699 2484 1759 Non
2502 1698 2660 1760 enim

347 1787 670 1862 debueras,
700 1789 750 1848 si
772 1789 1057 1872 populum
1087 1810 1276 1863 amas,
1304 1790 1583 1852 consulto
1614 1791 1806 1851 sinere
1836 1809 1940 1851 eos
1967 1809 2104 1851 cum
2132 1791 2387 1851 amentis
2416 1787 2661 1874 dedicass-

343 1882 492 1943 tier.
577 1881 696 1941 Sed
729 1889 824 1942 est
865 1883 1020 1956 hoec,
1049 1902 1087 1943 o
1134 1884 1342 1954 Deme,
1373 1881 1604 1944 molitio
1648 1881 1948 1962 quoedam,
1975 1893 2065 1954 ut,
2095 1883 2146 1943 si
2195 1893 2259 1943 tu
2308 1882 2455 1943 velis
2498 1883 2662 1948 hunc

341 1973 654 2034 hominem
679 1975 994 2056 castigare,
1017 1975 1123 2035 tibi
1151 1995 1272 2036 non
1301 1975 1498 2036 liceat.
1583 1975 1769 2036 Vides
1798 1975 1977 2046 enim,
2007 1985 2076 2035 ut
2104 1974 2183 2036 sit
2206 1973 2291 2034 illi
2320 1976 2662 2055 constipata

347 2067 472 2126 ista
491 2077 732 2128 caterva
760 2068 922 2128 coria
952 2067 1330 2128 vendentium
1349 2067 1635 2147 juvenum
1660 2088 1678 2128 ι
1720 2068 1877 2129 circa
1905 2068 2053 2128 istos
2077 2066 2351 2128 habitant
2388 2067 2663 2130 vendito-

347 2176 450 2220 res
477 2159 673 2220 mellis
701 2171 764 2220 et
787 2179 1118 2234 caseorum,
1141 2161 1240 2241 qui
1269 2180 1476 2222 omnes
1500 2161 1561 2220 in
1593 2181 1774 2221 unum
1794 2160 2158 2243 conspirant.
2214 2159 2499 2235 Proinde,
2520 2161 2572 2221 si
2595 2171 2661 2222 tu

349 2251 632 2314 frendens
661 2253 870 2327 iratus,
899 2263 960 2314 et
985 2253 1260 2314 exsilium
1291 2253 1378 2313 illi
1409 2252 1735 2328 mediteris,
1764 2253 2024 2334 dereptis
2054 2264 2235 2315 noctu
2266 2253 2395 2314 istis
2430 2247 2659 2335 clypeis

351 2355 658 2407 currerent
681 2345 760 2405 ad
800 2345 1154 2426 occupanda
1193 2345 1468 2427 granaria
1515 2355 1740 2408 nostra.
1827 2347 2007 2406 Dnn.
2050 2345 2161 2406 Voe
2212 2345 2429 2408 misero
2468 2347 2662 2408 mihi!

349 2456 578 2518 ergone
605 2437 831 2499 habent
857 2438 1142 2500 amenta?
1182 2457 1219 2499 o
1249 2439 1522 2513 sceleste,
1549 2457 1728 2520 quam
1758 2438 1861 2500 diu
1904 2459 1998 2500 me
2047 2438 2339 2518 decepisti
2389 2449 2452 2498 et
2501 2440 2665 2500 frau-

353 2531 555 2592 dasti!
637 2531 840 2594 Cum.
887 2532 942 2593 Ο
963 2534 1140 2608 bone,
1169 2552 1244 2593 ne
1275 2544 1332 2594 te
1361 2531 1526 2593 sinas
1552 2551 1589 2592 a
1614 2531 1828 2611 quovis
1856 2531 2093 2594 dicente
2121 2530 2489 2612 persuaderi,
2512 2551 2663 2594 neve

343 2633 530 2705 putes
555 2625 808 2705 meipso
827 2643 1094 2705 unquam
1119 2635 1182 2686 te
1229 2626 1606 2686 inventurum
1656 2625 1911 2687 amicum
1958 2624 2303 2686 meliorem:
2345 2624 2447 2704 qui
2497 2623 2664 2686 solus

343 2716 698 2797 conjuratos
724 2719 1110 2798 compescui:
1153 2737 1348 2799 neque
1371 2737 1467 2779 me
1493 2719 1643 2779 latet
1668 2719 1793 2778 ulla
1838 2717 2202 2800 conspiratio
2248 2718 2309 2775 in
2358 2717 2523 2791 urbe,
2550 2711 2662 2778 sed

349 2811 554 2872 statim
585 2811 894 2872 vociferari
923 2811 1113 2876 soleo.
1192 2812 1276 2872 Is.
1321 2811 1575 2891 Quippe
1604 2811 1761 2873 idem
1813 2811 1983 2884 sacis,
2010 2809 2175 2890 quod
2218 2809 2323 2888 qui
2353 2808 2663 2888 piscantur

349 2904 676 2983 anguillas.
759 2904 824 2962 si
862 2906 1017 2964 enim
1063 2904 1232 2965 lacus
1278 2903 1358 2965 sit
1401 2903 1669 2975 sedatus,
1720 2903 1869 2963 nihil
1907 2901 2189 2983 capiunt:
2233 2920 2415 2981 quum
2460 2913 2661 2964 autem

343 3015 588 3058 sursum
619 2996 895 3058 deorsum
921 3015 1154 3057 coenum
1185 2997 1681 3078 perturbaverint,
1712 2995 1977 3075 capiunt.
2060 2995 2152 3054 Tu
2194 3011 2433 3072 quoque
2474 2995 2663 3076 capis,

347 3089 602 3170 quando
625 3089 922 3150 civitatem
949 3091 1176 3150 turbas.
1261 3089 1457 3149 Unum
1488 3107 1629 3150 vero
1658 3087 1755 3149 dic
1784 3087 1925 3149 mihi
1947 3087 2101 3148 hoc:
2145 3107 2329 3166 quum
2364 3097 2457 3148 tot
2482 3087 2664 3158 ‚coria

349 3181 606 3255 vendas,
633 3181 932 3242 dedistine
955 3201 1214 3262 unquam
1245 3181 1457 3243 huicce
1485 3181 1563 3242 de
1593 3193 1697 3242 tuo
1745 3181 1973 3242 soleam
2026 3180 2107 3240 ad
2153 3181 2413 3252 calceos,
2440 3189 2529 3255 tu,
2558 3181 2663 3262 qui

351 3284 416 3338 te
469 3293 670 3334 amare
717 3293 854 3336 eum
899 3274 1096 3336 dicis?
1182 3275 1359 3335 Deu.
1402 3274 1545 3335 Non
1586 3293 1733 3334 sane
1788 3273 2008 3334 hercle.
2095 3273 2180 3332 Is.
2225 3273 2463 3354 Ergone
2515 3293 2663 3353 cog·

349 3368 557 3430 noscis
587 3359 718 3428 eum
742 3366 946 3447 ‘qualis
976 3368 1056 3428 sit
1081 3366 1306 3428 homo?
1347 3377 1410 3427 at
1437 3385 1553 3446 ego
1582 3367 1687 3426 tibi
1716 3367 1905 3427 hocce
1934 3385 2041 3446 par
2069 3365 2405 3427 calceorum
2433 3366 2549 3428 emi
2600 3374 2663 3428 et

349 3460 436 3521 do
483 3460 865 3541 gestandum.
953 3461 1135 3520 Dsu.
1176 3458 1398 3520 Judico
1445 3470 1508 3519 te
1554 3459 1842 3533 omnium,
1868 3457 2027 3538 quod
2077 3457 2284 3532 sciam,
2314 3460 2533 3541 optime
2584 3457 2661 3545 de

343 3554 578 3634 populo
603 3554 872 3614 meritum
901 3571 1058 3624 esse,
1086 3561 1146 3613 et
1167 3547 1797 3613 benevolentissimum
1828 3563 1887 3612 te
1914 3569 2051 3612 esse
2085 3549 2429 3631 reipublicae
2480 3561 2661 3632 atque

345 3645 556 3726 digitis
611 3645 852 3726 pedum.
939 3645 1142 3707 Gneo.
1185 3645 1406 3704 Annon
1450 3664 1597 3724 ergo
1645 3646 1925 3705 acerbum
1974 3654 2070 3704 est
2126 3643 2364 3704 calceos
2417 3643 2661 3723 quidem

347 3739 518 3820 apud
542 3749 602 3800 te
629 3749 858 3800 tantum
887 3739 1105 3811 valere,
1127 3757 1390 3798 meorum
1412 3746 1610 3797 autem
1641 3757 1785 3816 erga
1810 3747 1870 3797 te
1898 3737 2235 3799 meritorum
2266 3745 2326 3798 te
2368 3734 2661 3812 oblivisci,

345 3835 458 3914 qui
483 3833 828 3914 compescui
875 3831 1169 3907 cinoedos,
1197 3830 1398 3892 deleto
1448 3829 1715 3911 Grytto?
1796 3831 1881 3893 Is.
1923 3831 2142 3890 Annon
2190 3848 2335 3910 ergo
2380 3832 2662 3892 acerbum

344 3937 466 4002 est,
496 3937 558 3988 te
601 3926 772 3987 culos
814 3924 1058 4005 quidem
1105 3925 1462 4005 inspectare,
1491 3933 1555 3984 et
1600 3923 1868 3984 cinoedos
1916 3923 2349 4004 compescere?
2390 3926 2662 4006 quamvis
2727 3963 2729 3967 -

345 4019 600 4080 omnino
627 4037 704 4078 ex
727 4017 954 4078 invidia
979 4017 1418 4098 compescueris
1465 4035 1595 4090 eos,
1623 4026 1692 4076 ut
1733 4016 1883 4076 nulli
1924 4015 1992 4075 in
2041 4025 2347 4096 posterum
2394 4027 2661 4078 oratores

343 4113 644 4176 existant:
719 4112 900 4172 Hunc
941 4121 1143 4171 autem
1199 4110 1352 4171 istac
1410 4119 1591 4170 aetate
1648 4109 1903 4170 Demum
1962 4129 2147 4190 quum
2204 4109 2407 4170 videas
2458 4127 2661 4172 carere

347 4207 574 4279 tunica,
602 4221 910 4285 nunquam
938 4203 1190 4266 hiberno
1234 4213 1498 4284 tempore
1544 4202 1829 4282 dignatus
1878 4221 1947 4264 es
1993 4221 2127 4263 eum
2174 4215 2339 4266 veste
2384 4202 2661 4282 utrinque

349 4293 692 4360 manicata:
733 4307 798 4358 at
813 4315 932 4376 ego
957 4297 1064 4358 tibi
1087 4297 1262 4356 istam
1291 4294 1393 4356 do.
1475 4296 1655 4356 Dan.
1694 4295 1839 4358 Tale
1862 4295 2009 4376 quid
2034 4293 2465 4356 Themistocles
2505 4287 2659 4354 nun-‘-

349 4407 536 4470 quam
580 4390 982 4470 excogitavit:
1026 4389 1300 4471 quamvis
1349 4388 1539 4450 solers
1584 4398 1648 4450 et
1694 4387 1801 4448 illa
1846 4389 1923 4449 sit
1970 4389 2201 4470 Pyroeei
2246 4387 2512 4460 munitio,
2537 4383 2661 4446 non'

305 4493 312 4498 '
349 4483 546 4564 majus
575 4481 724 4544 illud
744 4483 978 4546 videtur
995 4484 1328 4558 inventurn,
1356 4501 1541 4563 quam
1562 4481 1749 4546 hocce
1770 4481 2011 4546 tunicse.
2095 4482 2295 4544 szo.
2338 4477 2447 4540 Vae
2484 4473 2661 4540 missi
