3059 5059
306 401 659 479 vor-764]
1049 396 1858 460 nccnnsuzusm.
2465 404 2586 465 m

300 550 509 591 mas·
534 548 713 611 quam
732 548 862 593 cum
878 550 945 590 ea
960 528 1191 591 abore.
1236 528 1556 589 Formosos
1573 539 1766 590 autem
1787 540 1852 589 et
1871 526 2348 595 adolescentulos
2367 544 2590 597 secuto

300 622 681 685 deformiores
710 622 855 683 talia
880 620 1113 684 dicent:
1160 622 1328 682 Heus
1346 628 1444 696 tu,
1489 641 1602 701 quo
1647 622 1890 683 cur-ris?
1928 642 2198 703 prorsus·
2231 626 2394 687 nihil
2429 646 2590 708 ages,

298 736 475 797 quun
499 716 653 777 illuc
678 718 942 777 meris.-
996 734 1133 777 nan
1158 714 1284 795 lege
1312 716 1608 775 sancitum
1632 723 1741 788 est,
1769 723 1840 775 ιιι
1869 714 2094 795 lepidas
2116 721 2251 779 simi
2289 727 2348 779 et
2389 728 2592 801 turpes

290 810 825 889 ,rioms-nant,
852 828 954 869 vos
977 816 1171 869 autem
1208 810 1437 868 interea
1453 808 1622 887 solia
1648 806 1968 890 basserafici
2005 813 2300 892 capientes
2323 814 2388 873 ιἰι
2417 814 2595 875 vestr·-

298 902 455 962 lulr’s
480 902 947 963 mturbmiui.
1033 901 1165 979 Age
1204 919 1363 961 nunc
1414 898 1599 961 dicito
1643 899 1808 975 mihi,
1837 902 2150 980 placentne
2195 905 2326 965 haec
2375 906 2594 969 vobis!

301 994 501 1056 Bur.
536 992 894 1055 Admodum.
978 992 1197 1053 Paax.
1229 994 1437 1072 Itaque
1462 992 1525 1052 in
1552 992 1742 1053 forum
1769 993 1910 1054 mihi
1931 995 2194 1057 eundum
2211 1008 2323 1071 est,
2348 1008 2417 1058 ut
2436 1000 2594 1061 acci·-

298 1086 459 1166 piam
489 1087 649 1147 bona
700 1087 760 1145 in
806 1104 1117 1146 commune
1162 1084 1541 1164 deponenda,
1583 1085 1860 1146 adsumta
1899 1088 2268 1167 proeconissa
2310 1091 2594 1173 quapiam

300 1178 559 1239 maxime
586 1178 795 1243 vocali.
842 1180 993 1239 Haec
1018 1177 1173 1238 enim
1200 1196 1295 1237 me
1321 1178 1515 1239 facere
1537 1196 1784 1239 necesse
1808 1188 1922 1253 est,
1943 1199 2079 1259 quae
2099 1182 2223 1241 dux
2250 1183 2592 1263 reipublicae

296 1270 492 1331 electa
530 1270 657 1331 fui:
704 1289 855 1351 opus
894 1282 988 1330 est
1015 1280 1323 1350 proeterea,
1370 1280 1438 1330 ut
1482 1271 1820 1332 convivales
1864 1284 2054 1333 coetus
2099 1275 2478 1350 constituam,
2525 1286 2596 1337 ut

296 1362 609 1424 celebretis
629 1364 877 1445 primum
898 1363 1075 1424 bodie
1100 1362 1453 1425 convivium.
1535 1362 1737 1425 Bur.
1763 1364 1901 1425 Jam
1921 1366 2078 1425 enim
2103 1366 2550 1429 convivabimur
2565 1366 2596 1427 ἲ

300 1456 529 1519 Pnax.
570 1456 661 1517 Ita
691 1456 849 1518 dico.
930 1454 1082 1516 Tum
1110 1473 1251 1516 vero
1282 1457 1618 1519 meretrices
1645 1464 1917 1519 coercere
1941 1458 2081 1519 volo
2113 1479 2341 1535 omnes,
2361 1480 2596 1521 earum-

296 1570 413 1629 que
434 1552 699 1629 quaestui
740 1551 917 1611 finem
962 1549 1283 1629 imponere.
1366 1548 1570 1611 anr.
1614 1548 2054 1617 Quamobrem?
2129 1552 2592 1614 paam-Mani-

293 1642 454 1702 festa
482 1660 577 1703 res
604 1651 741 1703 est:
788 1651 859 1703 ut
896 1641 1285 1722 decerpamus
1330 1641 1481 1722 ipsoe
1524 1642 1735 1704 florem
1781 1641 2378 1706 adolescentulorum.
2463 1644 2597 1706 Nec

292 1734 553 1795 famulas
580 1744 823 1795 ornatas
850 1744 1085 1817 oportet
1120 1734 1509 1813 ingenuarum
1556 1736 1848 1795 Venerem
1889 1734 2258 1817 intercipere,
2303 1735 2411 1799 sed
2456 1756 2597 1799 cum

294 1826 549 1887 servulis
592 1837 825 1888 tantum
869 1829 1089 1889 cubare
1126 1838 1476 1889 catonacam
1516 1828 1914 1909 gestantibus,
1954 1828 2148 1909 iisque
2200 1840 2270 1891 ut
2316 1831 2599 1912 placeant

290 1937 561 1980 cunnum
596 1919 706 1981 sibi
732 1922 969 1982 vellere.
1055 1919 1255 1981 Bur.
1296 1920 1431 2000 Age
1456 1940 1622 2000 ergo,
1649 1928 1843 1981 tecum
1873 1921 1970 1981 ibo
1998 1940 2198 1982 comes
2209 1922 2386 2002 juxta
2411 1924 2595 1998 latus,

290 2022 359 2073 ut
378 2013 689 2074 obviorum
718 2022 1059 2075 convertam
1078 2014 1141 2073 in
1168 2030 1264 2072 me
1285 2012 1516 2088 oculos,
1544 2022 1608 2074 et
1633 2012 1774 2073 mihi
1801 2012 2042 2074 dicant:
2089 2015 2302 2077 Nonne
2339 2018 2597 2097 suspici·

290 2108 370 2166 tis
436 2108 597 2179 lime
648 2106 975 2187 Praesectae
1028 2112 1255 2167 ποσὰ-ω
1302 2106 1628 2167 uadem?
1728 2106 1945 2167 Cnon.
2025 2109 2256 2184 (Deae
2299 2112 2596 2173 canticum

294 2200 551 2274 aori.)

368 2292 517 2352 Vra
558 2293 607 2353 1.
646 2293 781 2373 Ego
818 2292 1060 2372 quidem
1113 2303 1183 2352 ιιι
1216 2294 1275 2354 in
1334 2292 1523 2352 forum
1567 2290 1960 2373 supellectilia
2010 2292 2196 2353 feram
2242 2294 2488 2373 parabo,
2535 2302 2600 2355 et

288 2384 693 2445 substantiam
717 2405 950 2447 omnem
980 2386 1323 2446 recensebo.
1405 2384 1572 2446 Heus
1601 2394 1688 2457 tu,
1729 2383 2070 2465 cinachyra,
2095 2385 2215 2445 bue
2253 2384 2415 2445 bella
2439 2386 2597 2449 belle

284 2476 467 2559 prodi
508 2477 689 2552 foras,
736 2496 930 2538 rerum
978 2496 1239 2538 mearum
1268 2476 1476 2558 prima,
1502 2486 1571 2536 ut
1595 2478 1748 2536 bene
1777 2477 1920 2536 trita
1965 2478 2366 2557 canistrigeroe
2405 2476 2598 2539 vicem

286 2570 503 2642 obeas,
522 2580 587 2629 tu
608 2588 745 2650 qum
768 2571 985 2632 multos
996 2570 1120 2650 jam
1140 2588 1306 2630 meos
1327 2587 1536 2629 saccos
1555 2567 1840 2628 evertis-ti.
1891 2568 2147 2629 Ubinam
2169 2579 2265 2629 est
2291 2568 2550 2630 sellifera
2567 2569 2598 2630 ‘i

288 2662 417 2722 olla
444 2663 563 2723 huc
586 2663 719 2724 exi:
760 2683 904 2724 sane
930 2662 1129 2723 hercle
1158 2664 1329 2742 nigra
1352 2680 1457 2723 es:
1508 2680 1622 2721 nec
1648 2678 1858 2741 posses
1894 2659 2118 2740 nigrior
2162 2678 2318 2735 esse,
2361 2664 2597 2724 tametsi

284 2756 661 2835 pigmentum
690 2756 977 2827 coxisses,
998 2773 1118 2835 quo
1141 2756 1475 2836 Lysicrates
1496 2772 1682 2815 canos
1726 2752 1922 2833 tingit.
2005 2753 2115 2813 Sta
2143 2752 2317 2832 juxta
2361 2754 2594 2836 ipsam:

286 2846 411 2909 buc
428 2847 599 2921 ades,
620 2868 657 2907 o
684 2848 978 2909 ornatrix:
1031 2847 1147 2909 huc
1174 2846 1444 2929 hydriam
1475 2847 1655 2918 feras,
1681 2844 2112 2927 hydriaphore:
2157 2854 2222 2906 tu
2251 2856 2446 2908 autem
2473 2848 2595 2910 buc

286 2940 489 3021 prodi,
516 2960 553 3001 o
574 2939 950 3015 citharistria,
976 2958 1111 3021 quaa
1135 2959 1229 3001 me
1259 2939 1479 3020 soepius
1506 2938 1799 3015 excitasti,
1828 2948 1896 2999 ut
1934 2939 1995 3000 iu
2039 2938 2386 3000 concionem
2425 2939 2593 3015 irem,

286 3042 473 3094 nocte
497 3034 875 3114 intempesta,
905 3033 1147 3093 modum
1176 3032 1463 3093 orthrium
1488 3050 1737 3094 canens.
1817 3031 2081 3092 Prodeat
2107 3032 2398 3114 quispiam
2434 3032 2596 3094 alve-

286 3125 459 3186 olum
484 3128 765 3207 capiens:
816 3127 983 3187 favos
1008 3125 1171 3199 effer,
1201 3125 1511 3206 oleaginos
1562 3144 1759 3186 ramos
1795 3124 1914 3187 huc
1956 3144 2138 3206 prope
2193 3136 2410 3202 statue,
2451 3126 2597 3189 effer

282 3218 499 3279 itidem
528 3218 679 3280 duos
702 3219 972 3301 tripodas
1000 3228 1063 3280 et
1090 3218 1449 3299 ampullam:
1490 3217 1708 3278 ollulas
1723 3218 1869 3297 jam,
1917 3218 2152 3298 aliaque
2195 3217 2404 3279 viliora
2445 3238 2597 3281 vasa

286 3312 567 3372 omittite.
649 3314 784 3375 Vra
826 3312 908 3373 11.
952 3314 1159 3393 Egone
1208 3330 1340 3373 mea
1386 3321 1456 3373 ut
1496 3310 1842 3391 deponam?
1895 3312 2101 3391 utique
2145 3311 2345 3373 hercle
2387 3312 2598 3374 infelix

284 3425 513 3478 essem,
536 3416 600 3467 et
620 3407 835 3487 exigua
864 3418 1059 3467 mente
1088 3405 1398 3486 praeditus.
1442 3406 1764 3485 Nunquam
1793 3404 1852 3467 id
1873 3404 2107 3478 faciam,
2130 3404 2215 3464 ita
2239 3425 2334 3466 me
2362 3405 2597 3485 Neptu-

284 3516 405 3558 nus
432 3498 687 3570 amabit;
721 3499 827 3561 sed
846 3498 1139 3579 ejusmodi
1160 3497 1399 3559 decreta
1417 3499 1662 3578 primum
1685 3497 2036 3558 examinabo
2059 3498 2299 3577 saepius,
2315 3507 2380 3558 et
2401 3509 2594 3560 atten-

282 3602 346 3652 te
368 3592 789 3655 considerabo.
873 3592 1085 3673 Neque
1112 3592 1268 3653 enim
1300 3610 1494 3651 meum
1518 3591 1818 3664 sudorem,
1837 3600 1900 3651 et
1919 3589 2082 3671 quod
2111 3610 2273 3670 oegre
2299 3591 2596 3671 compar-si

286 3684 497 3758 miser,
546 3684 767 3745 nullius
790 3686 1170 3746 emolumenti
1191 3704 1376 3746 causa
1404 3684 1492 3746 sic
1517 3683 1920 3765 imprudenter
1939 3683 2222 3757 amittam,
2249 3684 2596 3766 priusquam

286 3774 627 3851 didicerim,
652 3778 755 3857 qui
787 3799 852 3839 se
876 3798 968 3839 res
997 3779 1191 3840 omnis
1220 3779 1460 3840 babeat.
1546 3778 1674 3838 Eho
1703 3786 1790 3851 tu,
1812 3775 1955 3857 quid
1983 3776 2092 3837 sibi
2131 3774 2264 3837 brec
2304 3776 2598 3857 supellec-

286 3869 425 3929 tilia
449 3870 661 3929 volunt
678 3868 707 3927 2
759 3890 903 3932 num
949 3872 1127 3934 aliam
1156 3872 1215 3932 iu
1246 3871 1487 3932 domum
1514 3870 1756 3950 migras,
1781 3869 1883 3950 qui
1909 3870 2044 3931 baec
2069 3871 2267 3930 omnia
2313 3870 2595 3944 extulisti,

286 3971 397 4022 aut
438 3960 675 4041 pignori
716 3984 790 4024 ea
830 3966 1207 4047 oppositurus
1246 3964 1413 4025 fers?
1514 3965 1651 4025 Vra
1693 3964 1742 4026 1.
1787 3962 2057 4026 Minime.
2125 3994 2134 4001 -
2169 3965 2306 4025 Vm
2347 3964 2428 4025 11.
2471 3964 2596 4025 Cur

288 4054 478 4134 igitur
534 4055 742 4116 ordine
796 4058 879 4119 sic
931 4070 1096 4119 stant
1142 4060 1341 4119 omnia
1390 4055 1544 4116 illa?
1588 4076 1664 4117 an
1706 4057 1966 4138 praeconi
2023 4056 2268 4117 Hieroni
2315 4078 2595 4140 pompam

287 4145 563 4207 ducitis?
638 4150 774 4210 Vra
818 4152 866 4211 I.
911 4152 1156 4212 Minime
1182 4150 1419 4219 hercle:
1465 4148 1574 4210 sed
1616 4168 1689 4210 ea
1727 4149 2064 4231 reipublicae
2107 4150 2412 4213 delaturus
2461 4172 2594 4213 sum

284 4240 351 4300 in
382 4240 599 4315 forum,
628 4244 957 4306 secundum
986 4246 1247 4306 sancitas
1287 4245 1475 4324 leges.
1559 4242 1697 4304 Vra
1742 4244 1821 4303 ΙΙ.
1853 4243 2171 4305 Delaturus
2199 4262 2264 4303 es
2283 4242 2314 4301 ἲ
2377 4245 2514 4305 Vni.
2543 4246 2596 4306 1.

288 4332 585 4394 Omnino.
668 4336 805 4399 Vra
850 4337 932 4400 11.
975 4338 1187 4398 Infelix
1224 4339 1403 4419 igitur
1442 4356 1532 4411 es,
1573 4356 1679 4415 per
1727 4336 1936 4397 Jovem
1987 4336 2375 4397 Servatorem.
2463 4336 2596 4395 Vra

290 4428 343 4489 1.
390 4426 753 4496 Quomodo?
833 4433 969 4493 Vra
992 4432 1074 4493 11.
1103 4429 1463 4501 Quomodo?
1511 4429 1688 4491 facile
1729 4428 1891 4489 dictu
1933 4437 2046 4490 est.
2129 4428 2266 4489 Vra
2293 4428 2344 4490 1.
2388 4426 2597 4499 Quid?

286 4538 501 4581 nonne
530 4520 776 4601 ‚legibus
814 4544 1021 4606 parere
1049 4522 1319 4608 oportet?
1400 4524 1538 4587 Vra
1582 4523 1662 4587 H.
1705 4522 1958 4598 Quibus,
1987 4540 2025 4585 o
2061 4518 2284 4583 miser?
2363 4520 2500 4583 Vra
2543 4520 2592 4582 1.
