3059 5059
320 395 671 474 sas-sss]
1162 419 1173 434 ·
1382 388 1604 455 rAx.
1719 387 1726 392 ·
1841 385 1854 446 ἴ
2515 385 2630 464 10⁸5

320 526 495 588 Fau.
520 524 778 596 Qualem
799 531 1167 606 expertuses
1198 523 1497 585 fortunam
1521 523 1549 582 ’ἒ
1587 523 1808 584 Tute.
1840 523 2064 586 Dolent
2083 525 2226 587 mihi
2243 511 2441 603 crura,
2461 550 2632 612 mag·-

314 639 461 682 num
482 621 597 681 iter
623 638 885 680 emenso.
932 617 1107 680 Fau.
1136 619 1269 699 Age
1298 617 1394 678 dic
1416 635 1580 678 nunc
1609 616 1772 676 mihi.
1815 617 2038 680 Tam.
2067 617 2414 686 Quidnam?
2459 623 2633 686 Fan.

316 712 599 775 Vidi-tin·
620 713 803 772 alium
818 711 1163 793 quempiam
1182 711 1483 772 hominem
1501 711 1563 770 in
1593 711 1730 770 aere
1751 721 2068 790 vagantem
2086 723 2302 792 praeter
2321 723 2381 775 te
2395 716 2588 800 ipsum
2603 717 2634 776 ⁴?

321 806 545 868 Tam.
575 805 736 880 Non,
776 807 894 867 nisi
920 807 1069 867 forte
1097 806 1248 866 duas
1274 813 1379 865 aut
1419 815 1540 865 tres
1580 799 2138 884 dithyrambicorum
2167 808 2474 886 poetarum
2504 810 2632 871 ani-

322 919 479 961 mas.
564 900 742 961 Fau.
785 899 948 968 Quid
992 909 1191 959 autem
1235 896 1578 958 faciebant?
1657 896 1876 957 ano.
1905 897 2244 960 Volitantes
2271 900 2638 982 colligebant

320 994 613 1074 prooemia
640 994 846 1054 nescio
872 1013 1029 1070 quse,
1059 991 1393 1054 natantium
1422 991 1481 1051 in
1512 992 1648 1051 a‘ere
1677 992 1932 1052 virorum
1977 1008 2192 1074 nugas.
2276 995 2449 1057 Fam.
2491 997 2632 1058 Non

322 1107 473 1168 ergo
500 1087 653 1148 illud
681 1107 816 1147 esse
844 1105 1045 1146 verum
1076 1087 1135 1144 in
1162 1086 1296 1146 aere
1324 1083 1793 1165 deprehendisti,
1817 1084 1984 1164 quod
2025 1087 2210 1166 vulgo
2249 1089 2480 1160 dicunt,
2520 1110 2634 1153 nos

322 1181 535 1242 stellas
560 1180 707 1254 fieri,
735 1179 981 1260 quando
1009 1177 1142 1258 quis
1172 1189 1440 1240 nostrum
1465 1177 1760 1239 moritur?
1838 1180 2058 1240 Tam.
2091 1181 2375 1245 Maxime.
2461 1184 2632 1245 Fan.

320 1275 693 1356 Ecquaenam
722 1285 816 1334 est
838 1273 963 1335 illic
990 1292 1149 1334 nunc
1170 1271 1393 1332 stella?
1474 1273 1694 1332 Tam.
1727 1272 1836 1332 lon
1859 1272 2073 1348 Chius,
2095 1275 2198 1354 qui
2223 1274 2362 1336 olim
2383 1275 2480 1338 hic
2497 1277 2637 1340 fecit

320 1368 625 1430 canticum
655 1367 807 1428 illud
839 1369 1052 1441 Eoum,
1080 1375 1252 1428 tanta
1278 1385 1414 1426 cum
1442 1366 1894 1448 approbatione,
1923 1376 1993 1426 ut
2021 1385 2157 1427 eum
2183 1369 2388 1429 statim
2425 1387 2635 1431 omnes

322 1465 519 1525 Eoum
539 1461 711 1524 sidtu
736 1461 1128 1542 appellarent.
1214 1460 1389 1521 Fau.
1418 1461 1712 1529 Quoenam
1742 1479 1884 1540 ergo
1913 1471 2056 1520 sunt
2081 1460 2206 1522 illae
2233 1461 2638 1525 discurrentes

320 1556 540 1630 stelloe,
558 1577 696 1638 quoe
712 1553 991 1616 ardentes
1012 1552 1355 1616 cursitant?
1393 1554 1613 1614 Tam.
1645 1555 1802 1613 Sunt
1825 1552 1947 1614 inae
1969 1552 2246 1632 quaedam
2271 1575 2305 1616 e
2332 1556 2524 1617 stellis
2545 1557 2636 1617 di-

318 1651 567 1725 vitibus,
585 1670 725 1731 quas
749 1669 788 1709 a
814 1668 988 1710 coena
1015 1646 1269 1710 redeunt
1298 1648 1560 1708 laternas
1581 1646 1896 1720 habentes,
1919 1657 1984 1707 et
2021 1647 2084 1706 in
2125 1647 2371 1710 laternis
2411 1650 2633 1732 ignem.

323 1744 446 1806 Sed
470 1741 724 1806 adsume
742 1744 907 1804 ocius
926 1744 1103 1804 istam
1124 1753 1186 1802 et
1212 1740 1490 1802 introduc
1510 1759 1665 1813 eam,
1683 1751 1745 1802 et
1761 1739 1976 1800 solium
1995 1741 2152 1816 elne,
2170 1752 2231 1803 et
2247 1761 2464 1824 aquam
2479 1743 2638 1806 cale-

323 1839 480 1912 face,
508 1847 573 1899 et
596 1845 794 1898 sterne
816 1835 960 1896 mihi
988 1845 1168 1916 atque
1194 1835 1335 1895 huic
1359 1834 1655 1914 genialem
1682 1833 1941 1895 lectum:
1983 1834 2197 1917 hisque
2223 1837 2482 1919 peractis
2509 1839 2639 1900 redi

324 1931 470 1993 huc.
512 1930 647 2011 Ego
670 1939 869 1990 autem
886 1929 1137 1990 alteram
1158 1929 1387 1989 hancce
1407 1927 1655 1989 reddam
1678 1927 1926 1988 Senatui
1947 1926 2194 1990 interea.
2234 1930 2410 1992 Fau.
2433 1931 2638 1994 Unde-

326 2043 473 2086 nam
498 2042 641 2084 vero
671 2023 779 2084 has
799 2021 1125 2104 accepisti?
1166 2021 1387 2082 Τιιῖῡ.
1418 2019 1636 2082 Unde?
1677 2037 1891 2101 nempe
1917 2039 1993 2081 ex
2019 2021 2206 2084 coelis.
2252 2021 2342 2084 Fa
2355 2043 2426 2084 m.
2457 2022 2641 2087 Haud

324 2137 443 2199 ego
462 2119 593 2198 jam
620 2117 769 2178 deos
798 2117 1015 2178 faciam
1036 2115 1295 2188 trioboli,
1321 2115 1375 2175 si
1404 2112 1765 2176 lenocinium
1790 2113 2040 2188 faciunt,
2069 2115 2158 2175 uti
2195 2135 2307 2178 nos
2348 2116 2640 2180 homines.

326 2211 549 2274 Tere.
580 2209 721 2271 Non
751 2209 989 2290 quidem
1017 2211 1105 2269 ita
1134 2210 1370 2269 solent:
1414 2219 1559 2269 sunt
1585 2219 1785 2268 tamen
1807 2209 1962 2270 inter
1986 2209 2124 2270 illos
2144 2209 2410 2290 quidam,
2439 2211 2540 2292 qui
2567 2226 2642 2274 ex

326 2305 445 2366 hoc
473 2315 716 2385 quaestu
746 2303 857 2364 sibi
886 2303 1105 2364 victum
1122 2311 1357 2384 parant.
1402 2301 1578 2363 Fan.
1607 2302 1740 2382 Age
1767 2321 1913 2382 ergo
1941 2321 2168 2364 eamus.
2217 2303 2332 2365 Dic
2353 2303 2517 2378 mibi,
2535 2305 2644 2367 ali·

328 2398 558 2481 quidne
583 2397 727 2459 huic
747 2395 1180 2458 comedendum
1200 2394 1401 2456 dabo?
1466 2397 1684 2456 Tam.
1707 2391 1897 2455 Nihil.
1949 2395 2105 2456 Nam
2123 2396 2292 2460 nolet
2312 2395 2643 2474 comedere,

328 2510 443 2554 nec
468 2509 715 2573 panem,
742 2509 857 2551 nec
884 2507 1133 2562 mazam,
1162 2489 1341 2551 solita
1370 2507 1602 2569 semper
1627 2486 1792 2568 apud
1836 2504 2084 2569 superos
2128 2490 2484 2552 ambrosiam
2527 2492 2642 2553 lin·

330 2603 495 2666 gere.
583 2584 757 2645 Fan.
787 2584 920 2644 Ain’
948 2583 1225 2665 lingere?
1268 2583 1428 2662 Ergo
1456 2583 1511 2642 ei
1537 2581 1725 2662 pelvis
1751 2580 1933 2643 etiam
1959 2583 2229 2672 paranda
2255 2593 2368 2648 est.
2423 2585 2645 2650 Cnon.

334 2681 499 2740 Sane
536 2677 793 2738 feliciter
840 2695 1024 2756 senex
1068 2675 1205 2749 iste,
1260 2683 1550 2755 quantum
1611 2673 1808 2735 videre
1868 2676 2029 2750 licet,
2079 2697 2240 2738 nunc
2295 2697 2420 2740 rem
2469 2682 2644 2760 gerit.

332 2773 557 2834 Tam.
602 2769 765 2840 Quid
806 2789 969 2849 ergo,
1012 2789 1196 2849 quum
1240 2787 1526 2848 sponsum
1565 2787 1664 2830 me
1715 2767 1991 2830 videbitis
2043 2768 2342 2831 nitidum?
2423 2773 2643 2836 Onon.

336 2865 579 2946 Dignus
606 2865 745 2936 eris,
772 2883 947 2942 quem
978 2880 1185 2923 omnes
1210 2863 1453 2922 beatum
1484 2861 1835 2942 praedicent,
1861 2863 1942 2924 mi
1984 2884 2191 2937 senex,
2234 2885 2438 2928 rursus
2468 2868 2645 2948 juve·

338 2959 431 3019 nis
454 2959 679 3030 factus,
696 2967 1007 3037 unguento
1032 2955 1368 3016 delibutus..
1440 2955 1661 3016 Tute.
1692 2955 1940 3036 Opinor.
2022 2957 2187 3027 Quid
2215 2977 2377 3030 vero,
2401 2959 2646 3040 quando

336 3071 479 3114 cum
496 3050 603 3113 illa
622 3049 1025 3112 concumbens
1046 3049 1300 3129 papillas
1326 3047 1693 3129 prehendam
1715 3047 1744 3107 ’ἓ
1825 3050 2041 3112 Cnon..
2073 3051 2456 3115 Fortunatior
2483 3055 2646 3117 vide-

336 3145 520 3219 beris,
546 3163 727 3224 quam
746 3143 984 3203 Carcini
1010 3143 1259 3204 strobili.
1341 3144 1562 3204 Tam.
1586 3142 1804 3204 Nonne
1825 3163 1966 3204 vero
1989 3145 2246 3206 merito?
2299 3146 2402 3228 qui
2447 3167 2649 3211 scara-

337 3239 477 3299 baeo
496 3237 769 3298 invectus
798 3236 1027 3297 servavi
1058 3235 1329 3310 Graecos,
1358 3236 1441 3298 ita
1468 3247 1537 3298 ut
1561 3256 1768 3298 omnes
1793 3237 1855 3296 in
1885 3237 2042 3318 agris
2071 3237 2360 3320 degentes
2375 3251 2506 3303 tuto
2515 3243 2643 3324 jam

336 3331 585 3392 futuant
604 3341 665 3392 et
702 3330 1019 3391 dormiant:
1103 3329 1276 3393 Fau.
1314 3330 1482 3391 Lavit
1525 3330 1747 3412 puella,
1795 3341 1860 3390 et
1904 3342 2065 3393 recte
2109 3349 2174 3393 se
2219 3333 2446 3394 habent
2487 3337 2648 3398 circa

339 3433 519 3485 nates
546 3422 787 3485 omnia?
834 3424 1115 3505 placenta
1141 3435 1315 3486 cocta
1334 3436 1460 3494 est3
1510 3423 1691 3486 libum
1720 3423 2080 3486 sesaminum
2109 3426 2456 3498 conficitur:
2487 3439 2646 3492 cete..

338 3537 527 3600 raque
550 3530 767 3599 parata
788 3527 931 3578 sunt
950 3519 1152 3582 omnia
1173 3537 1193 3578 ι
1235 3518 1343 3580 sed
1372 3537 1525 3599 pene
1555 3536 1704 3599 opus
1735 3527 1847 3579 est.
1929 3519 2149 3582 Ture.
2177 3520 2311 3601 Age
2339 3541 2482 3603 ergo
2507 3521 2660 3602 red-5

340 3611 559 3673 damus
586 3611 900 3672 Theoriam
926 3611 1155 3672 hancce
1178 3611 1424 3674 Senatui
1466 3631 1738 3692 propere.
1825 3611 2001 3674 Fau.
2044 3612 2334 3683 Quaenam
2377 3626 2475 3676 est
2513 3617 2647 3680 haec

340 3704 601 3767 mulier?
649 3705 795 3786 qnid
825 3705 955 3766 ais?
1024 3706 1239 3768 Tam.
1268 3705 1519 3768 Tbeoria
1551 3705 1654 3768 illa
1681 3715 1796 3780 est,
1825 3725 2004 3788 quam
2037 3727 2146 3768 nos
2175 3708 2500 3790 aliqnando
2525 3729 2649 3772 ma·

340 3799 471 3862 didi
513 3799 1003 3880 subegitavimus,
1048 3800 1415 3862 Brauronem
1444 3819 1578 3862 eam
1601 3799 1998 3864 deducentes:
2045 3802 2160 3863 boc
2189 3813 2352 3864 certo
2375 3805 2552 3879 scias,
2581 3813 2645 3866 et

336 3895 443 3954 vix
468 3893 670 3974 potuit
694 3893 850 3974 capi.
894 3894 1069 3956 Fau.
1096 3897 1155 3956 Ο
1176 3895 1338 3969 here,
1355 3905 1646 3975 quantam
1673 3895 1844 3956 culus
1863 3896 1979 3956 iste
1998 3897 2204 3976 quinto
2227 3912 2464 3978 qnoque
2483 3917 2642 3960 anno

341 3987 717 4068 voluptatem
736 3986 968 4049 adfert!
1052 3989 1269 4050 Tarra.
1293 3987 1423 4062 Eia,
1442 3988 1856 4070 quisvestrum
1897 4000 1993 4050 est
2023 3987 2278 4070 justus?
2325 3987 2648 4070 quisnam?

338 4081 483 4162 quis
508 4080 671 4141 hanc
700 4080 777 4142 ad
804 4101 867 4142 se
894 4092 1193 4164 receptam
1219 4083 1519 4145 custodiet
1549 4083 1845 4146 Senatui?
1885 4083 2058 4144 Heus
2079 4093 2169 4158 tu,
2198 4103 2516 4165 quamnam
2546 4085 2645 4149 hic

343 4173 812 4238 delineationem
838 4175 1029 4237 facis?
1110 4177 1284 4239 Fau.
1312 4175 1493 4250 Quid,
1522 4177 1767 4253 malum,
1791 4175 2022 4258 rogas?
2061 4175 2142 4238 ad
2163 4175 2417 4243 Isthmia
2452 4189 2647 4243 tento—

342 4269 496 4330 rium
516 4270 658 4352 peni
686 4287 820 4330 meo
850 4269 1125 4352 desig-no.
1203 4273 1423 4334 Ture.
1456 4271 1741 4334 Nondum
1761 4271 1960 4333 dicitis
1992 4291 2122 4346 vos,
2143 4271 2277 4353 quis
2321 4272 2402 4334 sit
2441 4281 2646 4335 custo-

346 4362 629 4424 diturus?
684 4363 822 4424 Huc
852 4363 998 4426 ades
1054 4377 1157 4436 tu:
1214 4366 1512 4448 deponam
1567 4367 1726 4428 enim
1769 4375 1834 4428 te
1887 4365 1950 4426 in
2000 4365 2260 4428 medium
2298 4363 2646 4428 adductam.

349 4455 532 4520 Fau.
563 4457 687 4519 Iste
714 4457 926 4518 innuit.
1009 4459 1227 4522 Tuto.
1248 4459 1445 4531 Quis!
1527 4459 1702 4524 Fan.
1739 4457 1990 4541 Rogas?
2045 4458 2430 4542 Ariphrades,
2473 4460 2649 4522 obse·

348 4567 529 4614 crans
556 4559 627 4614 nt
650 4551 730 4613 ad
752 4571 819 4614 se
848 4551 1197 4617 adducatur.
1277 4552 1497 4618 Tam.
1533 4554 1680 4632 Sed,
1723 4573 1760 4616 o
1797 4553 2001 4629 stulte,
2037 4561 2285 4618 succum
2325 4551 2455 4634 ejus
2496 4547 2646 4616 lam·
