3059 5059
424 393 544 454 218
943 460 955 472 ‚
1164 384 1942 450 AmsroPHANts
2375 386 2727 469 [sos-62⁴2

414 519 661 583 ‘strinxit
682 517 998 581 furibundo
1016 518 1243 581 similis.
1327 523 1599 581 Xanrn.
1644 520 1740 580 Ita
1759 519 1982 591 hercle,
2011 537 2048 578 o
2075 516 2310 579 misera.
2393 518 2612 581 Caur-
2637 516 2723 578 11.

412 614 561 675 'Nos
585 621 784 674 autem
808 611 1041 692 pavidae
1061 624 1223 673 metu
1249 613 1311 672 in
1338 614 1696 694 superiorem
1723 611 2226 691 contignationem
2255 609 2414 671 illico
2440 604 2728 691 nos‘pro·

429 708 749 789 ripuimus:
802 705 981 767 atille
1008 707 1227 789 impetu
1258 707 1509 787 aufugit,
1549 706 1760 765 sumtis
1805 706 1981 765 etiam
2027 703 2256 765 storeis.
2340 705 2610 763 anrrr.
2655 702 2735 761 Et

431 800 549 862 hoc
574 799 750 879 hujus
779 799 1002 861 factum
1028 810 1142 860 est.
1228 799 1349 859 Sed
1378 798 1601 879 aliquid
1628 798 1795 858 vobis
1825 796 2159 857 faciendum
2189 804 2336 857 erat.
2423 795 2635 855 Caur.
2679 794 2732 852 1.

432 893 879 974 Agedumvoca
905 892 1046 952 mihi
1072 892 1193 953 hirc
1222 892 1530 963 Cleonem,
1555 901 1866 971 patronum
1885 909 2103 951 meum.
2145 889 2358 948 Caur.
2381 888 2462 947 11.
2483 888 2574 947 Tu
2588 906 2730 948 vero

432 986 598 1060 mihi,
642 986 694 1045 si
738 983 915 1069 modo
961 984 1278 1058 inveneris,
1323 984 1752 1065 Hyperbolum,
1791 992 1858 1041 ut
1893 985 2069 1043 istum
2101 980 2366 1041 funditus
2393 980 2730 1061 perdamus.

430 1077 651 1140 Cant.
670 1077 718 1139 1.
742 1077 797 1135 Ο
814 1076 1043 1138 faucem
1053 1078 1405 1158 improbam!
1433 1096 1612 1156 quam
1631 1076 1882 1137 libenter
1901 1075 2006 1134 tibi
2027 1073 2224 1155 lapide
2243 1073 2454 1135 dentes
2476 1072 2731 1135 molares

436 1170 829 1251 effringerem,
879 1170 1093 1250 quibus
1151 1168 1478 1229 contrivisti
1536 1187 1728 1228 meum
1787 1167 2117 1248 peculium!
2201 1168 2408 1227 Caur.
2461 1166 2544 1226 11.
2601 1165 2734 1245 Ego

434 1263 661 1327 veroin
701 1262 1052 1325 Barathrum
1075 1261 1249 1322 velim
1293 1272 1351 1322 te
1398 1260 1706 1339 injectum.
1792 1261 2005 1320 Caur.
2052 1260 2102 1319 1.
2145 1259 2278 1338 Ego
2323 1278 2488 1331 vero,
2535 1267 2734 1319 sumta

437 1356 613 1431 falce,
636 1365 839 1437 guttur
867 1354 971 1415 tibi
992 1354 1205 1417 vellem
1231 1354 1598 1427 exscindere,
1614 1371 1735 1432 quo
1765 1372 1948 1433 panes
1979 1351 2390 1414 succineritios
2409 1348 2738 1430 deglutisti.

440 1451 566 1512 Sed
592 1449 877 1511 Cleonem
906 1468 1221 1520 arcessam,
1253 1447 1355 1527 qui
1393 1467 1529 1507 eum
1565 1446 1743 1507 hodie
1788 1446 1848 1505 in
1889 1446 1988 1526 jus
2039 1446 2292 1517 vocabit,
2328 1456 2390 1506 et
2427 1444 2562 1505 baee
2607 1443 2738 1523 ejus

438 1543 601 1605 facta
638 1540 967 1603 extricabit.
1051 1542 1301 1603 Bacca.
1346 1540 1612 1601 Pessime
1655 1558 1914 1620 peream,
1959 1540 2075 1599 nisi
2132 1538 2455 1599 Xanthiam
2503 1536 2738 1600 deamo·

438 1637 713 1699 Xntrn.
757 1634 937 1708 Novi,
963 1636 1101 1695 novi
1138 1644 1396 1695 mentem
1446 1644 1630 1707 tuam,
1677 1632 1884 1692 desine
1929 1629 2113 1711 loqui.
2198 1630 2398 1692 Nolim
2441 1628 2738 1691 Hercules

438 1728 583 1789 fieri.
670 1728 921 1789 Bacca.
965 1726 1213 1789 Minime
1242 1728 1505 1807 gentium
1533 1727 1650 1786 hoc
1680 1725 1918 1799 dixeris,
1945 1725 2025 1784 mi
2055 1723 2402 1785 Xanthisee.
2465 1724 2740 1783 ΚΛΜ-Η.

443 1819 525 1881 Et
548 1820 849 1900 quomodo
877 1820 1220 1882 Alcumenae
1258 1820 1415 1881 filius
1442 1820 1567 1881 fieri
1613 1838 1852 1901 possem
1899 1836 2046 1898 ego,
2075 1817 2177 1898 qui
2214 1816 2388 1878 simul
2431 1824 2746 1877 servus.et

442 1912 711 1975 mortalis
741 1913 915 1974 sum?
997 1914 1248 1975 Bucen.
1292 1914 1452 1985 Scio,
1482 1912 1607 1973 scio
1635 1921 1696 1973 te
1723 1910 1931 1971 iratum
1960 1930 2115 1985 esse,
2143 1910 2326 1990 idque
2345 1928 2464 1970 non
2507 1908 2742 1989 injuria.

444 2005 643 2067 Etiam
670 2004 721 2067 si
738 2025 833 2069 me
858 2008 1218 2080 verberares,
1240 2018 1437 2067 tecum
1458 2026 1580 2067 non
1635 2004 2088 2087 expostularem.
2173 2004 2360 2065 Immo
2406 2002 2458 2063 si
2499 2002 2560 2061 iu
2600 2018 2746 2081 pos·

442 2104 636 2159 terum
655 2118 917 2179 unquam
940 2099 1045 2160 tibi
1074 2099 1203 2160 haec
1227 2110 1576 2161 ornamenta
1603 2098 1902 2171 ademero,
1933 2096 2216 2157 radicitus
2245 2106 2306 2157 et
2338 2115 2452 2176 ego
2495 2106 2561 2157 et
2593 2112 2746 2155 uxor

442 2189 729 2271 liberique
750 2192 1023 2273 pessimis
1046 2194 1331 2274 exemplis
1354 2212 1685 2273 pereamus,
1708 2201 1775 2251 ut
1788 2188 2191 2251 Archedemus
2209 2190 2424 2271 lippus.
2471 2191 2747 2250 ΧΛΜῊ.

447 2283 692 2366 Accipio
712 2284 1153 2364 jusjurandum,
1196 2299 1258 2348 et
1305 2286 1420 2346 hac
1467 2285 1810 2346 conditione
1856 2292 2128 2344 ornatum
2170 2282 2440 2343 adsumo.
2525 2283 2744 2342 Cnon.

447 2375 823 2445 Nunetunm
848 2387 943 2440 est
976 2380 1254 2453 officium,
1300 2386 1620 2459 postquam
1665 2389 1938 2439 ornatum
1985 2376 2146 2437 hunc
2181 2395 2394 2437 rursus
2441 2374 2752 2455 accepisti,

445 2488 622 2550 quem
663 2470 927 2531 habebas
968 2473 1152 2551 prius,
1180 2472 1506 2552 juvenilem
1551 2471 1810 2531 animum
1851 2468 2164 2530 ostendere
2207 2489 2420 2548 usque,
2448 2478 2510 2528 et
2540 2483 2750 2527 rursus

446 2571 676 2623 torvum
702 2563 875 2638 tueri,
901 2562 999 2625 dei
1024 2583 1344 2625 memorem
1371 2564 1551 2638 illius,
1578 2564 1750 2643 cujus
1779 2581 1902 2642 proe
1939 2572 2000 2621 te
2045 2563 2164 2623 fers
2209 2562 2486 2646 speeiem.
2569 2558 2754 2629 Quod

446 2654 501 2716 si
531 2653 712 2715 stulte
738 2674 862 2714 rem
888 2672 1091 2733 gerere
1120 2656 1604 2734 deprehenderis,
1634 2665 1694 2716 et
1723 2653 1948 2731 aliquid
1978 2655 2357 2721 commiseris,
2405 2649 2566 2733 quod
2605 2649 2755 2711 mol·

448 2745 567 2807 lem
623 2755 685 2807 et
736 2746 1018 2825 ignavum
1068 2757 1305 2826 arguat,
1360 2743 1560 2805 denuo
1615 2745 1823 2805 tollere
1879 2756 1939 2805 te
1999 2746 2268 2827 stragula
2319 2763 2568 2807 neeesse
2617 2742 2754 2805 erit.

448 2841 720 2901 Xanrn.
765 2839 927 2900 Bene
964 2838 1243 2913 monetis,
1271 2858 1310 2899 o
1352 2837 1564 2899 amici:
1622 2836 1733 2897 sed
1771 2846 1833 2898 et
1877 2837 2044 2918 ipsus
2089 2838 2300 2899 eadem
2349 2838 2468 2919 jam
2517 2855 2755 2898 mecum

450 2931 670 3013 cogito.
756 2931 941 2992 Istum
971 2931 1234 3012 quidem,
1257 2929 1307 2989 si
1334 2930 1472 2991 boni
1502 2929 1764 2991 evenerit
1789 2930 2111 3009 quidpiam,
2145 2930 2278 2989 haec
2322 2929 2580 2989 adimere
2621 2948 2756 2988 rur-

452 3044 557 3085 sus
582 3034 933 3085 conaturum
980 3024 1125 3085 mihi
1174 3032 1268 3083 sat
1310 3022 1477 3083 scio:
1527 3022 1636 3082 sed
1685 3030 1885 3081 tamen
1925 3039 2041 3101 ego
2081 3023 2357 3101 praebebo
2403 3042 2498 3083 me
2537 3022 2757 3083 fortem

454 3127 519 3177 et
544 3118 892 3189 animosum,
940 3128 1001 3179 et
1048 3118 1281 3190 acerbe,
1325 3114 1491 3177 velut
1532 3116 1861 3193 origanum,
1905 3124 2187 3175 tuentem.
2271 3116 2367 3174 Ita
2409 3114 2758 3176 faciundum

452 3208 671 3283 erit,ut
696 3207 960 3270 videtur:
1010 3230 1147 3269 nam
1174 3208 1353 3269 audio
1373 3208 1501 3287 jam
1528 3206 1814 3287 crepitum
1829 3207 2055 3287 januae.
2136 3208 2316 3268 AEac.
2349 3207 2760 3287 constringite

456 3304 624 3365 ocius
646 3301 807 3363 hunc
834 3301 1172 3374 canifurem,
1212 3312 1280 3362 ut
1322 3320 1532 3380 poenas
1579 3299 1721 3360 det:
1775 3310 2104 3381 properate.
2189 3300 2440 3361 Bacca.
2485 3300 2764 3363 Imminet

454 3394 801 3457 nonnemini
827 3394 1071 3455 malum.
1151 3396 1423 3456 Xan-1⁸11.
1469 3394 1684 3453 Nonne
1713 3393 1774 3451 in
1802 3393 2020 3455 malam
2051 3412 2174 3453 tem
2219 3392 2424 3455 ibitis?
2464 3413 2540 3453 ne
2585 3412 2760 3455 acee-

458 3487 603 3549 dite.
686 3487 869 3549 AEac.
914 3488 1023 3547 Eia
1042 3486 1219 3547 etiam
1244 3506 1511 3569 pugnare
1535 3484 1792 3566 incipis?
1875 3487 1966 3547 Tu
2007 3484 2234 3567 Dityla‚
2283 3495 2346 3546 et
2393 3496 2460 3547 tu
2499 3484 2760 3559 Sceblia,

459 3591 641 3660 tuque
666 3580 960 3654 Pardoca,
980 3581 1247 3642 accedite
1264 3581 1389 3642 huc
1416 3590 1479 3641 et
1498 3581 1836 3661 depugnate
1865 3598 2000 3641 cum
2029 3581 2182 3641 isto.-
2248 3578 2497 3641 Bacca.
2539 3578 2761 3641 Nonne

459 3693 603 3754 ergo
631 3694 725 3735 res
751 3673 997 3754 indigna
1024 3672 1161 3735 est?
1216 3672 1471 3734 istumne
1496 3673 1645 3734 alios
1679 3674 2000 3747 verberare,
2028 3674 2128 3753 qui
2165 3672 2346 3733 furari
2387 3672 2585 3734 aliena
2626 3672 2762 3753 ipse

462 3766 655 3829 solet?
736 3769 1005 3829 Xau'rn.
1048 3767 1347 3827 Infinitum
1402 3777 1708 3846 quantum.
1793 3766 1976 3827 AEAc.
2031 3764 2351 3845 Indignum
2403 3764 2646 3845 quidem
2697 3774 2768 3827 et

458 3860 919 3934 intolerandum,
942 3861 1149 3922 fateor.
1234 3862 1504 3921 Xan-ra.
1547 3859 1728 3941 Atqui
1773 3880 1879 3942 per
1927 3860 2138 3919 Jovern
2170 3859 2341 3938 juro;
2397 3859 2450 3918 si
2493 3876 2762 3939 unquam

462 3955 598 4016 veni
642 3953 781 4030 huc,
822 3954 999 4015 emori
1042 3952 1202 4025 volo,
1222 3984 1230 3989 ·
1253 3964 1357 4013 aut
1406 3954 1455 4013 si
1480 3953 1793 4033 quicquam
1837 3966 2071 4013 tuorum
2095 3951 2343 4013 .furatus
2379 3970 2535 4023 sum,
2593 3948 2763 4031 quod

464 4046 561 4109 vel
586 4048 761 4109 unius
788 4046 889 4128 pili
915 4046 1117 4107 facias.
1204 4046 1283 4106 Et
1334 4064 1475 4106 ecce
1500 4046 1777 4126 incipiam
1826 4044 2058 4109 facinus
2107 4062 2501 4123 generosum:
2551 4043 2766 4123 accipe

463 4139 627 4201 hunc
652 4158 907 4213 servum,
928 4151 989 4199 et
1012 4138 1317 4201 tormentis
1361 4158 1435 4199 ex
1478 4159 1550 4199 eo
1595 4156 1714 4199 rem
1753 4158 1974 4218 quaere,
2013 4150 2214 4217 atque,
2251 4138 2302 4197 si
2342 4156 2436 4197 me
2481 4135 2768 4217 injurium

460 4232 941 4312 deprehenderis,
966 4232 1161 4293 abduc
1188 4252 1283 4292 me
1308 4242 1369 4293 et
1394 4232 1671 4293 occidito.
1733 4230 1908 4293 AEAc.
1937 4230 2256 4300 Quomodo
2281 4249 2423 4310 ergo
2449 4248 2716 4310 quoeram
2737 4228 2768 4287 ’ἒ

462 4326 735 4387 Xan-ru.
754 4356 759 4361 ·
777 4324 1067 4385 Omnibus
1094 4326 1323 4387 modis:
1381 4327 1438 4385 in
1468 4324 1634 4386 scala
1657 4344 1796 4385 eum
1825 4326 2038 4406 ligans,
2065 4322 2486 4403 suspendenss
2505 4320 2764 4401 flagellis

462 4418 731 4491 caedens,
750 4418 1077 4491 excorians,
1106 4429 1410 4498 torquens,
1432 4419 1572 4498 quin
1597 4417 1836 4479 naribus
1887 4428 2118 4481 acetum
2157 4414 2505 4489 infundens,
2544 4414 2764 4477 lateres

464 4509 802 4593 imponens:
857 4520 1055 4573 cetera
1078 4510 1277 4571 omnia
1304 4510 1399 4573 fae
1432 4532 1445 4571 :
1504 4522 1738 4573 tantum
1781 4532 1856 4573 ne
1900 4511 2086 4594 porris
2133 4511 2402 4573 verberes
2449 4526 2612 4583 eum,
2649 4526 2768 4568 nee
