3059 5059
300 373 686 455 saa-ssu
722 397 727 402 -
1280 424 1287 432 .
1313 375 1369 433 v
1388 375 1499 436 Es
1520 376 1572 438 P
1589 373 1684 438 Ε.
2537 385 2621 446 79

298 501 409 566 tibi
434 505 627 566 instet
650 513 982 580 certamen,
1005 505 1065 570 iu
1096 525 1216 588 quo
1244 507 1447 569 omnia
1470 509 1535 568 in
1571 507 1888 571 discrimen
1917 508 2322 586 adducuntur,
2349 512 2424 587 si,
2451 515 2618 594 quod

304 596 488 673 absit,
514 600 635 660 iste
660 599 851 660 victor
876 600 1009 660 erit.
1092 599 1301 662 Bnm..
1357 600 1594 664 Etenim
1619 621 1995 684 quoecunque
2043 603 2280 679 dixerit,
2323 608 2622 670 memorio

302 709 497 752 eausa
524 693 863 754 summatim
892 695 1137 755 notabo.
1208 695 1410 756 Pau„
1466 693 1626 765 Quid
1657 707 1856 758 autem
1879 715 1988 758 vos
2015 697 2233 772 dicitis,
2264 700 2315 760 si
2341 701 2456 760 iste
2481 719 2620 760 ora-

300 782 465 846 tione
490 803 589 846 me
616 786 981 866 superaverit
1006 787 1033 846 2
1109 787 1327 849 Onon..
1356 787 1495 848 Non
1524 788 1779 869 amplius
1809 809 2020 850 senum
2051 793 2225 852 turba
2251 792 2410 854 utilis
2442 794 2626 868 foret,-

302 896 419 938 nec
448 877 661 940 hilum.
742 879 899 940 Nam
932 879 1307 942 irrideremur
1336 901 1441 963 per
1469 882 1598 943 vias
1629 901 1836 944 omnes
1865 893 1928 943 et
1969 882 2325 963 thallophori
2375 903 2620 948 voeare-

296 989 453 1044 mur,
483 970 677 1033 litium
708 973 1036 1052 putamina.
1082 974 1203 1034 Sed
1231 994 1270 1035 o
1290 976 1392 1054 qui
1422 975 1786 1055 disceptabis
1809 975 1887 1038 de
1911 977 2187 1038 universo
2209 977 2456 1058 imperio
2475 997 2620 1040 uos·-

300 1071 419 1135 tro,
448 1084 614 1125 nunc
646 1065 937 1127 audacter
962 1067 1231 1127 omnium
1260 1067 1483 1148 linguae
1510 1079 1634 1129 tuoe
1663 1067 1870 1130 virium
1899 1070 1994 1130 fac
2022 1071 2372 1153 periculum.
2414 1071 2620 1136 Pau..

302 1157 607 1238 Equidem
628 1160 831 1220 statim
858 1161 935 1220 ab
960 1161 1105 1243 ipsis
1134 1163 1445 1222 caceribus
1470 1162 1780 1241 imperium
1809 1172 2076 1224 nostrum
2111 1167 2475 1244 argumentis
2517 1185 2622 1226 os«

298 1251 575 1326 tendam,
600 1263 673 1313 ut
692 1252 859 1314 nullo
885 1273 1073 1334 regno
1104 1255 1183 1315 sit
1204 1254 1468 1316 inferius.
1555 1253 1716 1324 Quid
1741 1256 1898 1316 enim
1923 1256 2288 1320 fortunatum
2331 1270 2437 1324 aut
2473 1260 2620 1320 bea-

294 1353 429 1404 tum
458 1347 653 1426 mag-is
676 1366 841 1408 nuuc
870 1358 965 1408 est
976 1347 1205 1427 judice,
1235 1359 1337 1409 aut
1366 1347 1596 1408 deliciis
1617 1347 1810 1429 magis
1837 1348 2180 1422 abundans,
2211 1361 2316 1412 aut
2341 1351 2618 1412 formida-

296 1438 479 1500 bilius
502 1440 747 1512 animal,
764 1442 1097 1520 praesertim
1122 1440 1313 1502 sene?
1354 1459 1532 1520 quem
1563 1442 1814 1521 primum
1849 1441 2086 1522 quidem
2125 1455 2538 1524 prorepentem
2579 1465 2616 1504 e

300 1531 463 1594 lecto
504 1536 830 1596 observant
869 1534 1031 1616 apud
1075 1533 1379 1596 cancellos
1420 1533 1692 1596 homines
1733 1537 1934 1616 magni
1971 1545 2036 1596 et
2073 1535 2616 1615 quadricubitales:

302 1624 531 1688 deiude
560 1629 762 1688 statim
788 1628 1086 1689 accedens
1113 1627 1329 1708 aliquis
1356 1627 1548 1708 injicit
1572 1627 1714 1688 mihi
1741 1647 1980 1690 manum
2011 1629 2272 1702 mollem,
2293 1649 2432 1710 qum
2457 1632 2618 1694 furta

300 1719 449 1780 fecit
471 1720 733 1802 publicar
750 1722 1065 1803 pecuniae:
1110 1721 1534 1802 supplicesque
1553 1720 1696 1781 mihi
1717 1721 1797 1782 ad
1827 1741 2026 1803 genu-a
2065 1722 2346 1784 accidunt
2387 1735 2618 1798 sontes,

296 1831 509 1875 vocem
542 1814 935 1876 miserabilem
964 1815 1329 1876 fundentes:
1373 1815 1667 1876 Miserere
1693 1818 1826 1886 mei,
1853 1835 1890 1875 o
1915 1823 2122 1896 pater,
2161 1817 2398 1878 obsecro
2440 1826 2518 1890 te,
2559 1820 2617 1878 εἰ

296 1914 359 1966 et
380 1915 455 1968 tu
477 1927 737 1988 unquam
762 1910 1123 1989 sun-ipsuis&
1148 1908 1405 1988 aliquid,
1424 1907 1846 1988 magistratum
1872 1927 2111 1990 mens,
2137 1918 2244 1972 aut
2285 1911 2352 1972 ὅτι
2391 1909 2612 1974 militia

294 2001 829 2062 contubernalibus
846 2003 1157 2064 obsonum.
1240 2001 1359 2070 Qui
1388 2019 1503 2060 uec
1524 2019 1602 2060 an
1629 2001 1884 2062 viverem
1913 2002 2109 2075 sciret,
2139 2001 2254 2062 nisi
2281 2022 2322 2063 a
2357 2021 2453 2063 me
2485 2003 2616 2084 jam

296 2104 487 2154 antea
512 2094 757 2156 crimine
775 2095 1086 2157 absolutus
1118 2095 1349 2156 fuisset.
1436 2093 1642 2154 Bmu„
1687 2093 1868 2164 Quod
1909 2093 1984 2155 de
2027 2094 2394 2177 supplicibus
2417 2095 2614 2180 dicis,

294 2185 465 2246 illius
490 2185 611 2247 boc
638 2197 773 2250 esto
796 2188 941 2250 mibi
970 2198 1441 2249 monumentum.
1524 2185 1730 2249 Pmn.
1774 2187 2010 2250 Deinde
2052 2189 2385 2268 ingressus,
2423 2191 2614 2269 preci-

294 2280 537 2360 busque
560 2291 865 2356 oneratus,
894 2291 957 2342 et
982 2282 1071 2342 ira
1110 2281 1372 2355 detersa,
1400 2279 1564 2341 intus
1603 2278 1750 2340 nihil
1790 2280 2002 2342 horum
2043 2301 2182 2362 qum
2222 2281 2614 2360 promiserim,

296 2375 499 2434 faeere
528 2373 721 2434 soleo.
762 2373 883 2437 Sed
912 2375 1092 2437 audio
1118 2394 1251 2436 reos
1279 2374 1632 2454 omnigenas
1655 2393 1832 2434 voces
1859 2375 2183 2447 mittentes,
2207 2384 2276 2433 ut
2293 2375 2612 2436 absolvan-

294 2477 422 2529 tur.
502 2468 659 2548 Age,
685 2488 824 2548 qum
842 2487 963 2528 non
992 2468 1075 2529 ibi
1101 2467 1515 2529 blandimenta
1537 2477 1743 2546 potest
1761 2465 1964 2528 audire
1981 2465 2217 2548 judex?
2258 2467 2357 2529 alii
2387 2467 2612 2530 deflent

294 2571 717 2643 paupertatem
754 2581 951 2638 suam,
976 2581 1167 2642 eaque
1196 2562 1413 2642 quibus
1460 2577 1672 2622 revera
1708 2573 2054 2642 premuntur
2101 2559 2262 2622 mala
2301 2561 2610 2626 cumulant

292 2655 455 2728 aliis,
484 2655 682 2716 donee
709 2656 1036 2736 aequaverit
1063 2654 1279 2735 aliquis
1308 2673 1421 2716 sua
1445 2653 1618 2714 meis.
1698 2654 1822 2714 Alii
1847 2663 2094 2716 narrant
2117 2655 2354 2718 fabulas
2397 2656 2606 2718 nobis:

294 2748 401 2810 alii
432 2747 643 2830 AEsopi
668 2748 984 2810 ridiculum
1024 2748 1369 2830 quoddam:
1414 2749 1514 2810 alii
1557 2748 1806 2810 dicteria
1845 2747 2077 2821 dieunt,
2117 2758 2186 2809 ut
2225 2769 2342 2830 ego
2381 2749 2608 2814 rideam

290 2854 356 2904 et
378 2843 533 2904 iram
550 2842 874 2924 deponam.
932 2843 1131 2923 Atque
1160 2841 1211 2902 si
1238 2842 1335 2903 his
1364 2861 1485 2902 non
1514 2861 1880 2916 moveamur,
1899 2842 2118 2902 liberos
2149 2842 2446 2923 extemplo
2467 2865 2608 2927 pro-

292 2936 501 3010 trahit,
528 2936 685 2998 filias
712 2948 775 2997 et
798 2936 957 2997 filios
986 2955 1169 2996 manu
1198 2934 1469 2996 ducens:
1514 2955 1630 3016 ego
1651 2946 1849 2996 autem
1881 2934 2195 2996 ausculto:
2237 2945 2303 2998 at
2321 2935 2408 2996 illi
2443 2937 2609 3018 capi-

292 3041 359 3090 ta
380 3029 563 3090 simul
588 3029 971 3092 demittentes
992 3029 1239 3090 balant:
1283 3028 1498 3090 deinde
1526 3050 1632 3110 per
1667 3029 1804 3090 illos
1847 3039 2037 3109 pater,
2078 3038 2366 3111 tanquam
2405 3030 2606 3108 deum,

288 3141 391 3182 me
436 3123 731 3198 obsecrat,
756 3134 1037 3198 tremens,
1065 3133 1134 3182 ut
1172 3143 1239 3184 se
1266 3142 1425 3184 noxa
1474 3123 1754 3184 liberem:
1805 3122 1982 3194 Quod
2015 3125 2072 3184 si
2113 3121 2428 3184 delectaris
2455 3129 2608 3206 agur·

290 3235 448 3289 ωσι,
464 3215 605 3298 filis·
644 3237 833 3280 voees·
866 3219 1221 3278 miserearis.
1308 3215 1379 3278 sa·
1422 3236 1558 3278 vero
1575 3215 1851 3296 porcellis
1877 3216 2149 3287 delecter,
2177 3227 2330 3290 orat,
2357 3218 2606 3300 ulfiliae

288 3331 431 3372 voce
458 3329 708 3372 amar.
790 3311 989 3391 Atque
1016 3321 1161 3372 tune
1200 3328 1312 3370 nos
1352 3310 1750 3370 intensionem
1789 3309 1895 3368 irae
1937 3307 2203 3370 nonnihil
2247 3310 2602 3374 relaxamus.

292 3405 519 3464 Annon
546 3423 829 3485 magnum
858 3403 975 3465 hoe
1002 3415 1097 3464 est
1122 3403 1431 3482 imperium
1458 3413 1521 3464 et
1549 3403 1884 3464 divitiarum
1915 3402 2106 3463 irrisio
2129 3400 2154 3460 ‘l
2225 3401 2434 3465 Bnm„
2467 3404 2602 3466 Hoc

290 3498 550 3558 alterum
578 3497 709 3572 erit,
734 3496 899 3578 quod
927 3497 1115 3558 literis
1150 3496 1469 3571 mandabo,
1506 3495 1845 3558 divitiarum
1889 3503 1995 3556 tua
2031 3495 2246 3556 irrisio.
2330 3495 2406 3556 Et
2432 3516 2598 3558 com-

288 3589 479 3652 moda
516 3589 661 3651 mihi
706 3610 969 3652 memora
1014 3610 1153 3672 qum
1196 3589 1383 3652 babes
1427 3601 1516 3665 tu,
1559 3589 1664 3670 qui
1711 3589 1967 3650 Graeciae
1993 3587 2280 3669 imperare
2326 3601 2385 3650 te
2423 3589 2600 3654 dicis.

283 3683 491 3744 Pan..
523 3683 721 3743 Etiam
746 3703 1061 3763 puerorum
1088 3694 1235 3746 mtas
1264 3705 1445 3766 quum
1474 3685 1864 3756 examinatur,
1887 3682 2058 3744 nobis
2088 3681 2228 3744 licet
2248 3684 2464 3764 pubem
2491 3705 2598 3747 eo·-

286 3799 423 3838 rum
448 3775 883 3856 contemplat-iz
924 3788 988 3838 et
1014 3778 1069 3838 si
1088 3779 1349 3859 OEagrus
1374 3778 1433 3838 in
1452 3777 1748 3859 judicium
1769 3777 1986 3848 veniat,
2017 3795 2136 3836 non
2165 3786 2305 3838 ante
2341 3776 2600 3840 absolvi·

290 3881 409 3946 tur,
436 3890 621 3952 quam
646 3871 823 3932 nobis
850 3892 926 3934 ex
954 3871 1155 3934 Nioba
1194 3872 1516 3932 orationem
1561 3871 1790 3942 recitet,
1828 3871 2108 3951 optimam
2149 3889 2446 3950 quamque
2487 3872 2600 3934 eli-

288 3983 469 4046 gens.
552 3965 619 4024 Si
646 3981 846 4027 autem
872 3965 1094 4028 tibicen
1122 3985 1363 4028 causam
1389 3965 1612 4039 vincat,
1641 3983 1747 4044 pro
1784 3965 1926 4024 latae
1969 3963 2282 4024 sementim
2323 3965 2602 4030 mercede

290 4060 467 4120 nobis
484 4059 791 4140 judicibus
810 4080 847 4121 e
873 4061 1003 4121 foro
1030 4059 1470 4141 egredientibus
1500 4057 1782 4120 exodium
1819 4057 2066 4119 modum
2105 4056 2250 4118 tibia
2289 4057 2456 4118 cauit
2491 4078 2598 4120 ca·-

288 4153 601 4232 pistratus.
684 4153 763 4214 Et
790 4153 841 4213 si
868 4165 1039 4234 pater
1074 4153 1212 4234 quis
1252 4153 1509 4216 moriens
1551 4153 1756 4226 filiam,
1797 4171 1980 4233 quam
2021 4151 2259 4212 unicam
2299 4149 2596 4231 relinquat

282 4244 607 4319 heredem,
634 4253 992 4308 testamento
1020 4245 1124 4306 de't
1150 4247 1323 4308 alicui
1354 4260 1626 4327 nuptum,
1655 4265 1766 4307 nos
1800 4244 2040 4306 tabulas
2077 4253 2140 4306 et
2179 4243 2470 4306 concham
2511 4247 2600 4306 si-

286 4338 433 4418 gillo
452 4339 671 4400 decore
698 4339 1037 4422 impositam
1066 4339 1313 4420 longum
1352 4341 1494 4402 flere
1526 4340 1827 4421 jubemus,
1871 4349 1933 4399 et
1973 4335 2385 4411 rescindimus,
2424 4335 2599 4420 puel·-

288 4431 529 4514 lamque
556 4432 769 4494 damus
793 4433 900 4509 illi,
926 4433 1033 4514 qui
1058 4435 1334 4514 precibus
1362 4454 1473 4495 nos
1502 4433 1582 4494 ad
1609 4453 1754 4496 suas
1779 4442 1982 4514 partes
2011 4429 2366 4492 adduxerit:
2396 4442 2458 4490 et
2475 4428 2598 4490 ista

286 4545 475 4606 quum
502 4525 777 4606 facimus,
796 4529 1097 4592 immunes
1125 4547 1331 4591 sumus
1362 4525 1684 4591 reddenda:
1711 4525 2000 4608 rationis:
2041 4536 2368 4588 ceterorum
2395 4531 2596 4608 autem⁴
