<?xml version="1.0" encoding="UTF-8"?>
<!DOCTYPE html PUBLIC "-//W3C//DTD XHTML 1.0 Transitional//EN"
    "http://www.w3.org/TR/xhtml1/DTD/xhtml1-transitional.dtd">
<html xmlns="http://www.w3.org/1999/xhtml" xml:lang="en" lang="en">
 <head>
  <title>
</title>
<meta http-equiv="Content-Type" content="text/html;charset=utf-8" />
  <meta name='ocr-system' content='tesseract 3.04.00' />
  <meta name='ocr-capabilities' content='ocr_page ocr_carea ocr_par ocr_line ocrx_word'/>
</head>
<body>
  <div class='ocr_page' id='page_1' title='image "./comdicumscholii00bekkgoog_0203.png"; bbox 0 0 3059 5059; ppageno 0'>
   <div class='ocr_carea' id='block_1_1' title="bbox 296 400 2588 482">
    <p class='ocr_par' dir='ltr' id='par_1_1' title="bbox 296 400 2588 482">
     <span class='ocr_line' id='line_1_1' title="bbox 296 400 2588 482; baseline 0.005 -24"><span class='ocrx_word' id='word_1_1' title='bbox 296 402 728 482; x_wconf 77' lang='lat'>1278—1322]</span> <span class='ocrx_word' id='word_1_2' title='bbox 1116 400 1783 465; x_wconf 75' lang='lat' dir='ltr'><strong>LYSISTRATA.</strong></span> <span class='ocrx_word' id='word_1_3' title='bbox 2478 410 2588 471; x_wconf 82' lang='lat'><strong>187</strong></span> 
     </span>
    </p>
   </div>
   <div class='ocr_carea' id='block_1_2' title="bbox 258 531 2591 2287">
    <p class='ocr_par' dir='ltr' id='par_1_2' title="bbox 258 531 2591 2287">
     <span class='ocr_line' id='line_1_2' title="bbox 282 531 2591 615; baseline 0.004 -24"><span class='ocrx_word' id='word_1_4' title='bbox 282 531 567 594; x_wconf 83' lang='lat' dir='ltr'><strong>honorem</strong></span> <span class='ocrx_word' id='word_1_5' title='bbox 598 533 818 608; x_wconf 84' lang='lat' dir='ltr'><strong>ductis,</strong></span> <span class='ocrx_word' id='word_1_6' title='bbox 846 552 1163 597; x_wconf 77' lang='lat' dir='ltr'><strong>caveamus</strong></span> <span class='ocrx_word' id='word_1_7' title='bbox 1194 533 1478 615; x_wconf 83' lang='lat' dir='ltr'>deinceps</span> <span class='ocrx_word' id='word_1_8' title='bbox 1501 552 1706 594; x_wconf 73' lang='lat' dir='ltr'><strong>rursus</strong></span> <span class='ocrx_word' id='word_1_9' title='bbox 1723 551 1994 613; x_wconf 84' lang='lat' dir='ltr'><strong>peccare.</strong></span> <span class='ocrx_word' id='word_1_10' title='bbox 2079 535 2293 600; x_wconf 72' lang='lat' dir='ltr'><strong>Onon.</strong></span> <span class='ocrx_word' id='word_1_11' title='bbox 2325 538 2591 601; x_wconf 61' lang='lat' dir='ltr'><strong>Ans-1121«.</strong></span> 
     </span>
     <span class='ocr_line' id='line_1_3' title="bbox 280 625 2588 707; baseline 0.003 -22"><span class='ocrx_word' id='word_1_12' title='bbox 280 625 500 687; x_wconf 79' lang='lat' dir='ltr'><strong>Adduo</strong></span> <span class='ocrx_word' id='word_1_13' title='bbox 546 628 814 703; x_wconf 82' lang='lat' dir='ltr'><strong>chorum,</strong></span> <span class='ocrx_word' id='word_1_14' title='bbox 868 628 1067 691; x_wconf 89' lang='lat' dir='ltr'><strong>adduc</strong></span> <span class='ocrx_word' id='word_1_15' title='bbox 1110 628 1289 689; x_wconf 87' lang='lat' dir='ltr'><strong>etiam</strong></span> <span class='ocrx_word' id='word_1_16' title='bbox 1346 626 1625 687; x_wconf 62' lang='lat' dir='ltr'><strong>Gratiae:</strong></span> <span class='ocrx_word' id='word_1_17' title='bbox 1679 637 1965 707; x_wconf 84' lang='lat' dir='ltr'><strong>praeterea</strong></span> <span class='ocrx_word' id='word_1_18' title='bbox 2013 627 2267 689; x_wconf 80' lang='lat' dir='ltr'><strong>Dianam</strong></span> <span class='ocrx_word' id='word_1_19' title='bbox 2320 630 2588 701; x_wconf 74' lang='lat' dir='ltr'><strong>advoca:</strong></span> 
     </span>
     <span class='ocr_line' id='line_1_4' title="bbox 278 719 2586 802; baseline 0.003 -24"><span class='ocrx_word' id='word_1_20' title='bbox 278 719 509 780; x_wconf 82' lang='lat' dir='ltr'><strong>advoca</strong></span> <span class='ocrx_word' id='word_1_21' title='bbox 539 720 719 782; x_wconf 87' lang='lat' dir='ltr'><strong>etiam</strong></span> <span class='ocrx_word' id='word_1_22' title='bbox 756 723 1059 802; x_wconf 85' lang='lat' dir='ltr'><strong>geminum</strong></span> <span class='ocrx_word' id='word_1_23' title='bbox 1099 721 1335 796; x_wconf 73' lang='lat' dir='ltr'><strong>Dianae,</strong></span> <span class='ocrx_word' id='word_1_24' title='bbox 1385 720 1550 785; x_wconf 86' lang='lat' dir='ltr'><strong>chori</strong></span> <span class='ocrx_word' id='word_1_25' title='bbox 1605 719 1840 791; x_wconf 86' lang='lat' dir='ltr'><strong>ducem,</strong></span> <span class='ocrx_word' id='word_1_26' title='bbox 1887 721 2172 783; x_wconf 77' lang='lat' dir='ltr'><strong>Paeanem</strong></span> <span class='ocrx_word' id='word_1_27' title='bbox 2225 724 2586 802; x_wconf 83' lang='lat' dir='ltr'><strong>benignum:</strong></span> 
     </span>
     <span class='ocr_line' id='line_1_5' title="bbox 277 811 2588 895; baseline 0.004 -25"><span class='ocrx_word' id='word_1_28' title='bbox 277 811 511 872; x_wconf 84' lang='lat' dir='ltr'><strong>advoca</strong></span> <span class='ocrx_word' id='word_1_29' title='bbox 542 814 817 894; x_wconf 76' lang='lat' dir='ltr'><strong>Nysiam,</strong></span> <span class='ocrx_word' id='word_1_30' title='bbox 846 816 944 876; x_wconf 89' lang='lat' dir='ltr'><strong>cui</strong></span> <span class='ocrx_word' id='word_1_31' title='bbox 974 835 1109 875; x_wconf 87' lang='lat' dir='ltr'><strong>cum</strong></span> <span class='ocrx_word' id='word_1_32' title='bbox 1132 812 1517 874; x_wconf 77' lang='lat' dir='ltr'><strong>Moenadibus</strong></span> <span class='ocrx_word' id='word_1_33' title='bbox 1542 813 1701 874; x_wconf 80' lang='lat' dir='ltr'><strong>oculi</strong></span> <span class='ocrx_word' id='word_1_34' title='bbox 1747 824 1891 875; x_wconf 76' lang='lat' dir='ltr'><strong>sunt</strong></span> <span class='ocrx_word' id='word_1_35' title='bbox 1938 815 2300 895; x_wconf 85' lang='lat' dir='ltr'><strong>flagrantes:</strong></span> <span class='ocrx_word' id='word_1_36' title='bbox 2347 816 2588 880; x_wconf 82' lang='lat' dir='ltr'><strong>Jovem-</strong></span> 
     </span>
     <span class='ocr_line' id='line_1_6' title="bbox 275 906 2588 987; baseline 0.003 -24"><span class='ocrx_word' id='word_1_37' title='bbox 275 924 387 983; x_wconf 89' lang='lat' dir='ltr'><strong>que</strong></span> <span class='ocrx_word' id='word_1_38' title='bbox 418 906 545 985; x_wconf 82' lang='lat' dir='ltr'><strong>igni</strong></span> <span class='ocrx_word' id='word_1_39' title='bbox 574 926 913 983; x_wconf 84' lang='lat' dir='ltr'><strong>coruscum,</strong></span> <span class='ocrx_word' id='word_1_40' title='bbox 944 918 1004 968; x_wconf 89' lang='lat' dir='ltr'><strong>et</strong></span> <span class='ocrx_word' id='word_1_41' title='bbox 1032 908 1347 987; x_wconf 85' lang='lat' dir='ltr'><strong>conjugem</strong></span> <span class='ocrx_word' id='word_1_42' title='bbox 1374 906 1772 967; x_wconf 83' lang='lat' dir='ltr'><strong>venerandam</strong></span> <span class='ocrx_word' id='word_1_43' title='bbox 1801 906 2032 969; x_wconf 85' lang='lat' dir='ltr'><strong>advoca</strong></span> <span class='ocrx_word' id='word_1_44' title='bbox 2053 910 2287 969; x_wconf 79' lang='lat' dir='ltr'><strong>beatam</strong></span> <span class='ocrx_word' id='word_1_45' title='bbox 2312 930 2329 969; x_wconf 90' lang='lat'>:</span> <span class='ocrx_word' id='word_1_46' title='bbox 2369 909 2588 971; x_wconf 83' lang='lat' dir='ltr'><strong>deinde</strong></span> 
     </span>
     <span class='ocr_line' id='line_1_7' title="bbox 270 998 2582 1082; baseline 0.004 -26"><span class='ocrx_word' id='word_1_47' title='bbox 270 1016 409 1056; x_wconf 82' lang='lat' dir='ltr'><strong>vero</strong></span> <span class='ocrx_word' id='word_1_48' title='bbox 438 998 614 1071; x_wconf 69' lang='lat' dir='ltr'><strong>deca,</strong></span> <span class='ocrx_word' id='word_1_49' title='bbox 644 1002 861 1079; x_wconf 76' lang='lat' dir='ltr'><strong>quibus</strong></span> <span class='ocrx_word' id='word_1_50' title='bbox 883 1002 1137 1062; x_wconf 76' lang='lat' dir='ltr'><strong>testibus</strong></span> <span class='ocrx_word' id='word_1_51' title='bbox 1168 1010 1403 1060; x_wconf 85' lang='lat' dir='ltr'><strong>utemur</strong></span> <span class='ocrx_word' id='word_1_52' title='bbox 1430 1020 1554 1060; x_wconf 88' lang='lat' dir='ltr'><strong>non</strong></span> <span class='ocrx_word' id='word_1_53' title='bbox 1596 999 1902 1061; x_wconf 72' lang='lat' dir='ltr'><strong>obliviosis</strong></span> <span class='ocrx_word' id='word_1_54' title='bbox 1943 1001 2102 1063; x_wconf 84' lang='lat' dir='ltr'><strong>circa</strong></span> <span class='ocrx_word' id='word_1_55' title='bbox 2141 1002 2582 1082; x_wconf 86' lang='lat' dir='ltr'><strong>magnanimam</strong></span> 
     </span>
     <span class='ocr_line' id='line_1_8' title="bbox 266 1093 2584 1175; baseline 0.004 -26"><span class='ocrx_word' id='word_1_56' title='bbox 266 1109 502 1170; x_wconf 80' lang='lat' dir='ltr'><strong>pacem,</strong></span> <span class='ocrx_word' id='word_1_57' title='bbox 534 1111 715 1171; x_wconf 84' lang='lat' dir='ltr'><strong>quam</strong></span> <span class='ocrx_word' id='word_1_58' title='bbox 741 1094 885 1155; x_wconf 85' lang='lat' dir='ltr'><strong>fecit</strong></span> <span class='ocrx_word' id='word_1_59' title='bbox 905 1094 1046 1154; x_wconf 78' lang='lat' dir='ltr'><strong>diva</strong></span> <span class='ocrx_word' id='word_1_60' title='bbox 1066 1093 1303 1175; x_wconf 70' lang='lat' dir='ltr'><strong>Cypria.</strong></span> <span class='ocrx_word' id='word_1_61' title='bbox 1373 1093 1564 1153; x_wconf 77' lang='lat' dir='ltr'><strong>Alalae</strong></span> <span class='ocrx_word' id='word_1_62' title='bbox 1595 1093 1655 1153; x_wconf 87' lang='lat' dir='ltr'><strong>io</strong></span> <span class='ocrx_word' id='word_1_63' title='bbox 1684 1093 1891 1168; x_wconf 64' lang='lat' dir='ltr'><strong>Paean,</strong></span> <span class='ocrx_word' id='word_1_64' title='bbox 1919 1093 2109 1155; x_wconf 84' lang='lat' dir='ltr'><strong>tollite</strong></span> <span class='ocrx_word' id='word_1_65' title='bbox 2137 1114 2244 1156; x_wconf 77' lang='lat' dir='ltr'><strong>vos</strong></span> <span class='ocrx_word' id='word_1_66' title='bbox 2275 1096 2584 1172; x_wconf 77' lang='lat' dir='ltr'><strong>sublimes,</strong></span> 
     </span>
     <span class='ocr_line' id='line_1_9' title="bbox 268 1184 2584 1272; baseline 0.004 -29"><span class='ocrx_word' id='word_1_67' title='bbox 268 1184 363 1244; x_wconf 81' lang='lat' dir='ltr'><strong>io!</strong></span> <span class='ocrx_word' id='word_1_68' title='bbox 392 1196 680 1265; x_wconf 77' lang='lat' dir='ltr'><strong>tanquam</strong></span> <span class='ocrx_word' id='word_1_69' title='bbox 705 1186 953 1252; x_wconf 82' lang='lat' dir='ltr'><strong>victoria</strong></span> <span class='ocrx_word' id='word_1_70' title='bbox 970 1187 1161 1269; x_wconf 82' lang='lat' dir='ltr'><strong>potiti,</strong></span> <span class='ocrx_word' id='word_1_71' title='bbox 1188 1186 1279 1249; x_wconf 80' lang='lat' dir='ltr'><strong>io!</strong></span> <span class='ocrx_word' id='word_1_72' title='bbox 1336 1186 1504 1259; x_wconf 81' lang='lat' dir='ltr'><strong>Euoe,</strong></span> <span class='ocrx_word' id='word_1_73' title='bbox 1530 1204 1704 1256; x_wconf 69' lang='lat' dir='ltr'><strong>euoez</strong></span> <span class='ocrx_word' id='word_1_74' title='bbox 1739 1186 1906 1261; x_wconf 82' lang='lat' dir='ltr'><strong>Euoe,</strong></span> <span class='ocrx_word' id='word_1_75' title='bbox 1924 1207 2076 1249; x_wconf 83' lang='lat' dir='ltr'><strong>euae.</strong></span> <span class='ocrx_word' id='word_1_76' title='bbox 2121 1189 2344 1263; x_wconf 82' lang='lat' dir='ltr'><strong>Lacon,</strong></span> <span class='ocrx_word' id='word_1_77' title='bbox 2371 1198 2437 1252; x_wconf 89' lang='lat' dir='ltr'><strong>tu</strong></span> <span class='ocrx_word' id='word_1_78' title='bbox 2456 1190 2584 1272; x_wconf 86' lang='lat' dir='ltr'><strong>jam</strong></span> 
     </span>
     <span class='ocr_line' id='line_1_10' title="bbox 271 1275 2582 1363; baseline 0.003 -25"><span class='ocrx_word' id='word_1_79' title='bbox 271 1279 471 1357; x_wconf 77' lang='lat' dir='ltr'><strong>profer</strong></span> <span class='ocrx_word' id='word_1_80' title='bbox 497 1275 859 1341; x_wconf 84' lang='lat' dir='ltr'><strong>cantilenam</strong></span> <span class='ocrx_word' id='word_1_81' title='bbox 890 1300 1104 1341; x_wconf 84' lang='lat' dir='ltr'><strong>novam</strong></span> <span class='ocrx_word' id='word_1_82' title='bbox 1132 1290 1272 1363; x_wconf 83' lang='lat' dir='ltr'><strong>post</strong></span> <span class='ocrx_word' id='word_1_83' title='bbox 1298 1298 1538 1341; x_wconf 83' lang='lat' dir='ltr'><strong>novam.</strong></span> <span class='ocrx_word' id='word_1_84' title='bbox 1583 1279 1805 1340; x_wconf 73' lang='lat' dir='ltr'><strong>Cnon.</strong></span> <span class='ocrx_word' id='word_1_85' title='bbox 1823 1281 1978 1342; x_wconf 63' lang='lat' dir='ltr'><strong>Lac·</strong></span> <span class='ocrx_word' id='word_1_86' title='bbox 2004 1280 2336 1362; x_wconf 81' lang='lat' dir='ltr'><strong>Taygetum</strong></span> <span class='ocrx_word' id='word_1_87' title='bbox 2358 1285 2582 1346; x_wconf 87' lang='lat' dir='ltr'><strong>amabi-</strong></span> 
     </span>
     <span class='ocr_line' id='line_1_11' title="bbox 268 1370 2580 1455; baseline 0.003 -23"><span class='ocrx_word' id='word_1_88' title='bbox 268 1370 381 1432; x_wconf 87' lang='lat' dir='ltr'><strong>lem</strong></span> <span class='ocrx_word' id='word_1_89' title='bbox 400 1372 774 1455; x_wconf 77' lang='lat' dir='ltr'><strong>relinquens,</strong></span> <span class='ocrx_word' id='word_1_90' title='bbox 792 1392 995 1435; x_wconf 73' lang='lat' dir='ltr'><strong>rursus</strong></span> <span class='ocrx_word' id='word_1_91' title='bbox 1014 1372 1149 1434; x_wconf 77' lang='lat' dir='ltr'><strong>veni</strong></span> <span class='ocrx_word' id='word_1_92' title='bbox 1168 1370 1348 1433; x_wconf 83' lang='lat' dir='ltr'><strong>Musa</strong></span> <span class='ocrx_word' id='word_1_93' title='bbox 1364 1373 2055 1445; x_wconf 78' lang='lat' dir='ltr'><strong>Lacaena,venerandum</strong></span> <span class='ocrx_word' id='word_1_94' title='bbox 2078 1376 2246 1436; x_wconf 76' lang='lat' dir='ltr'><strong>nobis</strong></span> <span class='ocrx_word' id='word_1_95' title='bbox 2267 1376 2580 1440; x_wconf 73' lang='lat' dir='ltr'><strong>celebrans</strong></span> 
     </span>
     <span class='ocr_line' id='line_1_12' title="bbox 266 1464 2581 1550; baseline 0.005 -27"><span class='ocrx_word' id='word_1_96' title='bbox 266 1466 653 1547; x_wconf 75' lang='lat' dir='ltr'><strong>Amyclarum</strong></span> <span class='ocrx_word' id='word_1_97' title='bbox 674 1468 876 1541; x_wconf 90' lang='lat' dir='ltr'><strong>deum,</strong></span> <span class='ocrx_word' id='word_1_98' title='bbox 904 1476 967 1527; x_wconf 89' lang='lat' dir='ltr'><strong>et</strong></span> <span class='ocrx_word' id='word_1_99' title='bbox 1004 1465 1409 1527; x_wconf 82' lang='lat' dir='ltr'><strong>Chalcioecam</strong></span> <span class='ocrx_word' id='word_1_100' title='bbox 1449 1464 1805 1541; x_wconf 81' lang='lat' dir='ltr'><strong>Minervam,</strong></span> <span class='ocrx_word' id='word_1_101' title='bbox 1844 1464 2336 1550; x_wconf 79' lang='lat' dir='ltr'><strong>Tyndaridasque</strong></span> <span class='ocrx_word' id='word_1_102' title='bbox 2376 1471 2581 1547; x_wconf 74' lang='lat' dir='ltr'><strong>fortes,</strong></span> 
     </span>
     <span class='ocr_line' id='line_1_13' title="bbox 264 1558 2580 1645; baseline 0.005 -29"><span class='ocrx_word' id='word_1_103' title='bbox 264 1558 367 1637; x_wconf 78' lang='lat' dir='ltr'><strong>qui</strong></span> <span class='ocrx_word' id='word_1_104' title='bbox 398 1560 480 1620; x_wconf 85' lang='lat' dir='ltr'><strong>ad</strong></span> <span class='ocrx_word' id='word_1_105' title='bbox 512 1562 794 1621; x_wconf 86' lang='lat' dir='ltr'><strong>Eurotam</strong></span> <span class='ocrx_word' id='word_1_106' title='bbox 823 1560 1060 1621; x_wconf 86' lang='lat' dir='ltr'><strong>ludunt.</strong></span> <span class='ocrx_word' id='word_1_107' title='bbox 1142 1558 1255 1619; x_wconf 81' lang='lat' dir='ltr'><strong>Eia</strong></span> <span class='ocrx_word' id='word_1_108' title='bbox 1280 1558 1507 1620; x_wconf 74' lang='lat' dir='ltr'><strong>naviter</strong></span> <span class='ocrx_word' id='word_1_109' title='bbox 1533 1558 1864 1639; x_wconf 81' lang='lat' dir='ltr'>ingredere,</span> <span class='ocrx_word' id='word_1_110' title='bbox 1901 1579 1938 1621; x_wconf 92' lang='lat' dir='ltr'><strong>o</strong></span> <span class='ocrx_word' id='word_1_111' title='bbox 1977 1560 2092 1634; x_wconf 87' lang='lat' dir='ltr'><strong>eia,</strong></span> <span class='ocrx_word' id='word_1_112' title='bbox 2131 1560 2343 1624; x_wconf 82' lang='lat' dir='ltr'><strong>leviter</strong></span> <span class='ocrx_word' id='word_1_113' title='bbox 2382 1566 2580 1645; x_wconf 83' lang='lat' dir='ltr'><strong>quati·-</strong></span> 
     </span>
     <span class='ocr_line' id='line_1_14' title="bbox 266 1650 2579 1739; baseline 0.005 -30"><span class='ocrx_word' id='word_1_114' title='bbox 266 1670 398 1721; x_wconf 69' lang='grc' dir='ltr'><strong>ειη,</strong></span> <span class='ocrx_word' id='word_1_115' title='bbox 430 1661 502 1713; x_wconf 81' lang='lat' dir='ltr'><strong>ut</strong></span> <span class='ocrx_word' id='word_1_116' title='bbox 526 1654 801 1733; x_wconf 73' lang='lat' dir='ltr'><strong>Spartam</strong></span> <span class='ocrx_word' id='word_1_117' title='bbox 829 1652 1220 1724; x_wconf 73' lang='lat' dir='ltr'><strong>celebremus,</strong></span> <span class='ocrx_word' id='word_1_118' title='bbox 1248 1653 1343 1713; x_wconf 85' lang='lat' dir='ltr'><strong>cui</strong></span> <span class='ocrx_word' id='word_1_119' title='bbox 1372 1650 1617 1712; x_wconf 80' lang='lat' dir='ltr'><strong>deorum</strong></span> <span class='ocrx_word' id='word_1_120' title='bbox 1642 1652 1806 1714; x_wconf 83' lang='lat' dir='ltr'><strong>chori</strong></span> <span class='ocrx_word' id='word_1_121' title='bbox 1843 1663 1984 1715; x_wconf 71' lang='lat' dir='ltr'><strong>sunt</strong></span> <span class='ocrx_word' id='word_1_122' title='bbox 2031 1674 2212 1732; x_wconf 75' lang='lat' dir='ltr'><strong>curm,</strong></span> <span class='ocrx_word' id='word_1_123' title='bbox 2253 1667 2315 1719; x_wconf 85' lang='lat' dir='ltr'><strong>et</strong></span> <span class='ocrx_word' id='word_1_124' title='bbox 2357 1658 2579 1739; x_wconf 86' lang='lat' dir='ltr'><strong>pedum</strong></span> 
     </span>
     <span class='ocr_line' id='line_1_15' title="bbox 266 1744 2576 1828; baseline 0.005 -25"><span class='ocrx_word' id='word_1_125' title='bbox 266 1746 593 1825; x_wconf 74' lang='lat' dir='ltr'><strong>strepitus:</strong></span> <span class='ocrx_word' id='word_1_126' title='bbox 642 1745 861 1827; x_wconf 75' lang='lat' dir='ltr'><strong>puellae</strong></span> <span class='ocrx_word' id='word_1_127' title='bbox 886 1765 1027 1807; x_wconf 82' lang='lat' dir='ltr'><strong>vero</strong></span> <span class='ocrx_word' id='word_1_128' title='bbox 1054 1756 1295 1828; x_wconf 85' lang='lat' dir='ltr'><strong>propter</strong></span> <span class='ocrx_word' id='word_1_129' title='bbox 1323 1746 1629 1820; x_wconf 82' lang='lat' dir='ltr'><strong>Eurotam,</strong></span> <span class='ocrx_word' id='word_1_130' title='bbox 1655 1756 1725 1808; x_wconf 79' lang='lat' dir='ltr'><strong>ut</strong></span> <span class='ocrx_word' id='word_1_131' title='bbox 1749 1744 1901 1827; x_wconf 83' lang='lat' dir='ltr'><strong>pulli</strong></span> <span class='ocrx_word' id='word_1_132' title='bbox 1945 1746 2166 1828; x_wconf 85' lang='lat' dir='ltr'><strong>equini,</strong></span> <span class='ocrx_word' id='word_1_133' title='bbox 2214 1750 2576 1827; x_wconf 82' lang='lat' dir='ltr'><strong>subsultaut,</strong></span> 
     </span>
     <span class='ocr_line' id='line_1_16' title="bbox 263 1838 2575 1924; baseline 0.004 -27"><span class='ocrx_word' id='word_1_134' title='bbox 263 1838 473 1897; x_wconf 83' lang='lat' dir='ltr'><strong>crebro</strong></span> <span class='ocrx_word' id='word_1_135' title='bbox 502 1838 719 1918; x_wconf 86' lang='lat' dir='ltr'><strong>pedum</strong></span> <span class='ocrx_word' id='word_1_136' title='bbox 747 1839 923 1920; x_wconf 84' lang='lat' dir='ltr'><strong>pulsu</strong></span> <span class='ocrx_word' id='word_1_137' title='bbox 954 1839 1327 1911; x_wconf 79' lang='lat' dir='ltr'><strong>festinantes,</strong></span> <span class='ocrx_word' id='word_1_138' title='bbox 1372 1858 1692 1919; x_wconf 84' lang='lat' dir='ltr'><strong>comasque</strong></span> <span class='ocrx_word' id='word_1_139' title='bbox 1743 1850 2052 1920; x_wconf 74' lang='lat' dir='ltr'><strong>quassant,</strong></span> <span class='ocrx_word' id='word_1_140' title='bbox 2088 1851 2368 1924; x_wconf 84' lang='lat' dir='ltr'><strong>tanquam</strong></span> <span class='ocrx_word' id='word_1_141' title='bbox 2419 1846 2575 1908; x_wconf 88' lang='lat' dir='ltr'><strong>Bac-</strong></span> 
     </span>
     <span class='ocr_line' id='line_1_17' title="bbox 260 1930 2573 2018; baseline 0.003 -28"><span class='ocrx_word' id='word_1_142' title='bbox 260 1930 397 1990; x_wconf 77' lang='lat' dir='ltr'><strong>chae</strong></span> <span class='ocrx_word' id='word_1_143' title='bbox 429 1930 651 2011; x_wconf 78' lang='lat' dir='ltr'><strong>thyrsis</strong></span> <span class='ocrx_word' id='word_1_144' title='bbox 680 1931 980 1993; x_wconf 83' lang='lat' dir='ltr'><strong>ludentes.</strong></span> <span class='ocrx_word' id='word_1_145' title='bbox 1063 1932 1246 1994; x_wconf 79' lang='lat' dir='ltr'><strong>Praeit</strong></span> <span class='ocrx_word' id='word_1_146' title='bbox 1280 1944 1479 1993; x_wconf 85' lang='lat' dir='ltr'><strong>autem</strong></span> <span class='ocrx_word' id='word_1_147' title='bbox 1510 1931 1690 1993; x_wconf 75' lang='lat' dir='ltr'><strong>Ledoe</strong></span> <span class='ocrx_word' id='word_1_148' title='bbox 1717 1932 1840 1995; x_wconf 82' lang='lat' dir='ltr'><strong>filia</strong></span> <span class='ocrx_word' id='word_1_149' title='bbox 1865 1945 2056 2009; x_wconf 80' lang='lat' dir='ltr'><strong>casta,</strong></span> <span class='ocrx_word' id='word_1_150' title='bbox 2099 1934 2221 1995; x_wconf 83' lang='lat' dir='ltr'><strong>dux</strong></span> <span class='ocrx_word' id='word_1_151' title='bbox 2249 1936 2412 1998; x_wconf 81' lang='lat' dir='ltr'><strong>chori</strong></span> <span class='ocrx_word' id='word_1_152' title='bbox 2440 1936 2573 2018; x_wconf 83' lang='lat' dir='ltr'><strong>pul-</strong></span> 
     </span>
     <span class='ocr_line' id='line_1_18' title="bbox 260 2024 2571 2109; baseline 0.003 -26"><span class='ocrx_word' id='word_1_153' title='bbox 260 2024 429 2084; x_wconf 86' lang='lat' dir='ltr'><strong>chra.</strong></span> <span class='ocrx_word' id='word_1_154' title='bbox 496 2025 620 2086; x_wconf 87' lang='lat' dir='ltr'><strong>Sed</strong></span> <span class='ocrx_word' id='word_1_155' title='bbox 646 2045 758 2106; x_wconf 82' lang='lat' dir='ltr'><strong>age</strong></span> <span class='ocrx_word' id='word_1_156' title='bbox 786 2045 967 2086; x_wconf 83' lang='lat' dir='ltr'><strong>manu</strong></span> <span class='ocrx_word' id='word_1_157' title='bbox 1007 2026 1201 2086; x_wconf 71' lang='lat' dir='ltr'><strong>fluxos</strong></span> <span class='ocrx_word' id='word_1_158' title='bbox 1248 2026 1499 2107; x_wconf 79' lang='lat' dir='ltr'><strong>capillos</strong></span> <span class='ocrx_word' id='word_1_159' title='bbox 1537 2024 1783 2108; x_wconf 72' lang='lat' dir='ltr'><strong>implica</strong></span> <span class='ocrx_word' id='word_1_160' title='bbox 1809 2026 1997 2105; x_wconf 38' lang='lat' dir='ltr'><strong>vit-taz,</strong></span> <span class='ocrx_word' id='word_1_161' title='bbox 2025 2036 2087 2087; x_wconf 87' lang='lat' dir='ltr'><strong>et</strong></span> <span class='ocrx_word' id='word_1_162' title='bbox 2111 2028 2365 2109; x_wconf 73' lang='lat' dir='ltr'><strong>pedibus</strong></span> <span class='ocrx_word' id='word_1_163' title='bbox 2393 2030 2571 2104; x_wconf 81' lang='lat' dir='ltr'><strong>salta,</strong></span> 
     </span>
     <span class='ocr_line' id='line_1_19' title="bbox 258 2118 2568 2199; baseline 0.005 -24"><span class='ocrx_word' id='word_1_164' title='bbox 258 2118 420 2177; x_wconf 74' lang='lat' dir='ltr'><strong>calta</strong></span> <span class='ocrx_word' id='word_1_165' title='bbox 448 2131 519 2178; x_wconf 90' lang='lat' dir='ltr'><strong>ut</strong></span> <span class='ocrx_word' id='word_1_166' title='bbox 548 2138 755 2180; x_wconf 81' lang='lat' dir='ltr'><strong>cerva:</strong></span> <span class='ocrx_word' id='word_1_167' title='bbox 799 2118 1075 2199; x_wconf 72' lang='lat' dir='ltr'><strong>plausum</strong></span> <span class='ocrx_word' id='word_1_168' title='bbox 1106 2118 1280 2180; x_wconf 77' lang='lat' dir='ltr'><strong>simul</strong></span> <span class='ocrx_word' id='word_1_169' title='bbox 1307 2118 1404 2179; x_wconf 86' lang='lat' dir='ltr'><strong>fac</strong></span> <span class='ocrx_word' id='word_1_170' title='bbox 1430 2118 1662 2181; x_wconf 74' lang='lat' dir='ltr'><strong>choreis</strong></span> <span class='ocrx_word' id='word_1_171' title='bbox 1683 2119 1911 2197; x_wconf 86' lang='lat' dir='ltr'><strong>utilem,</strong></span> <span class='ocrx_word' id='word_1_172' title='bbox 1938 2129 2002 2184; x_wconf 85' lang='lat' dir='ltr'><strong>et</strong></span> <span class='ocrx_word' id='word_1_173' title='bbox 2029 2119 2297 2183; x_wconf 81' lang='lat' dir='ltr'><strong>divarum</strong></span> <span class='ocrx_word' id='word_1_174' title='bbox 2317 2121 2568 2187; x_wconf 75' lang='lat' dir='ltr'><strong>fortini-</strong></span> 
     </span>
     <span class='ocr_line' id='line_1_20' title="bbox 258 2210 1556 2287; baseline 0.003 -17"><span class='ocrx_word' id='word_1_175' title='bbox 258 2228 421 2271; x_wconf 82' lang='lat' dir='ltr'><strong>mam</strong></span> <span class='ocrx_word' id='word_1_176' title='bbox 453 2210 857 2273; x_wconf 78' lang='lat' dir='ltr'><strong>Chalcioecam</strong></span> <span class='ocrx_word' id='word_1_177' title='bbox 883 2212 1145 2287; x_wconf 85' lang='lat' dir='ltr'><strong>celebra,</strong></span> <span class='ocrx_word' id='word_1_178' title='bbox 1170 2210 1556 2275; x_wconf 81' lang='lat' dir='ltr'><strong>bellatricem.</strong></span> 
     </span>
    </p>
   </div>
   <div class='ocr_carea' id='block_1_3' title="bbox 3015 1184 3022 2761">
    <p class='ocr_par' dir='ltr' id='par_1_3' title="bbox 3015 1184 3022 2761">
     <span class='ocr_line' id='line_1_21' title="bbox 3015 1184 3022 2761; baseline 0 0"><span class='ocrx_word' id='word_1_179' title='bbox 3015 1184 3022 2761; x_wconf 95' lang='lat' dir='ltr'><strong> </strong></span> 
     </span>
    </p>
   </div>
  </div>
 </body>
</html>
