3059 5059
521 365 648 432 216
1281 364 2059 429 Ams‘roPHAle
2466 363 2808 446 [425-500

525 515 664 562 care
682 515 877 572 suum,
899 507 964 559 et
981 496 1263 580 pilantem
1287 497 1555 562 lacerare
1581 517 1803 582 genas:
1834 509 1897 562 et
1914 498 2195 579 plangere
2210 513 2457 578 pronus,
2476 507 2539 560 et
2562 497 2807 578 plorare,

523 603 586 656 et
621 589 940 652 inclamare
967 593 1120 654 solet
1143 591 1446 667 Sebinum,
1471 591 1575 673 qui
1602 589 2029 673 Anaphlystius
2052 601 2164 652 est.
2248 589 2403 660 Quin
2454 599 2517 650 et
2558 587 2803 649 Calliam

525 686 712 758 aiunt,
736 685 912 746 istum
941 684 1262 766 Hippobini
1289 685 1703 758 filium,-cunni
1732 685 1972 746 leonina
1986 683 2259 744 indutum
2276 682 2581 744 decertare
2607 681 2805 763 proelio

523 778 742 840 navali.
808 777 1063 838 Bacen-
1092 777 1438 840 Possetisue
1464 780 1642 840 nobis
1664 778 1944 852 indicare,
1964 776 2141 839 Pluto
2164 777 2402 836 ubinam
2432 774 2531 835 hic
2550 771 2806 834 babeat?

519 870 814 954 peregrini
842 869 998 930 enim
1027 889 1255 944 sumus,
1281 881 1346 932 et
1363 871 1541 932 modo
1568 871 1687 932 buc
1724 870 2092 941 advenimus.
2178 869 2394 930 Cnoa.
2434 868 2529 928 Ne
2578 864 2807 945 longius

523 963 728 1036 abeas,
757 981 946 1043 neque
972 964 1178 1024 iterum
1202 983 1296 1026 me
1340 966 1668 1044 interroges
1688 983 1708 1022 ι
1748 964 1857 1026 sed
1906 963 2059 1024 scito
2108 961 2185 1022 ad
2234 962 2428 1042 ipsum
2486 959 2703 1021 ostium
2751 967 2809 1017 te

517 1057 880 1138 pervenisse.
964 1056 1214 1118 Bacca.
1254 1058 1424 1118 Tolle
1467 1077 1691 1131 rursus,
1734 1073 1900 1137 puer,
1945 1053 2231 1136 stragula.
2319 1055 2591 1114 ΧΑιιτιι.
2656 1049 2807 1121 Quid

516 1149 636 1212 hoc
661 1159 789 1212 erat
833 1147 1022 1224 aliud,
1067 1170 1246 1230 quam
1289 1150 1462 1212 Jovis
1505 1149 1829 1212 Corinthus
1868 1150 1928 1208 in
1974 1145 2304 1227 stragulis?
2387 1147 2550 1207 Sex.
2594 1144 2807 1206 Ducite

517 1261 680 1304 nunc
719 1261 948 1304 sacram
994 1242 1268 1304 choream
1317 1243 1513 1315 Divae,
1570 1263 1675 1324 per
1724 1261 1935 1303 nemus
1988 1240 2309 1301 floriferum
2353 1237 2655 1310 ludentes,
2708 1237 2809 1316 qui

514 1335 833 1418 participes
857 1335 1002 1396 estis
1030 1334 1112 1416 pii
1137 1335 1314 1396 festi:
1361 1355 1477 1416 ego
1503 1355 1647 1397 vero
1669 1355 1809 1398 cnm
1838 1333 2159 1414 virginibus
2202 1333 2297 1392 ibo
2338 1339 2401 1392 et
2448 1329 2809 1401 mulieribus,

514 1431 616 1492 ubi
647 1431 904 1490 Dearum
931 1438 1028 1487 est
1049 1429 1442 1508 pervigilium,
1465 1430 1661 1488 facem
1688 1447 1919 1489 sacram
1944 1435 2308 1506 portaturus.
2390 1423 2555 1484 Sau-
2591 1421 2808 1481 Eamus

511 1523 576 1584 in
597 1521 750 1584 rosis
777 1521 992 1581 referta
1019 1519 1234 1580 florida
1257 1531 1448 1600 prata,
1469 1531 1678 1581 nostro
1704 1540 1865 1580 more
1894 1518 2300 1624 pulcherrimis
2328 1515 2559 1576 choreis
2600 1514 2808 1575 luden-

509 1625 626 1690 tes,
647 1633 796 1694 quas
823 1615 1014 1674 beatoe
1039 1611 1220 1673 Horae
1246 1613 1567 1693 quotannis
1586 1613 1896 1676 reducunt.
1939 1611 2127 1672 Nobis
2146 1611 2301 1672 enim
2324 1608 2469 1670 solis
2491 1607 2595 1668 Sol
2626 1619 2690 1667 et
2710 1607 2809 1666 lux

501 1709 776 1792 jucunda
801 1716 916 1780 est,
935 1705 1036 1785 qui
1063 1725 1267 1767 sumus
1295 1705 1530 1780 initiati,
1558 1707 1806 1788 piosque
1832 1725 1945 1767 nos
1976 1705 2269 1788 gessimus
2294 1713 2357 1764 et
2381 1721 2527 1783 πει
2550 1701 2809 1782 peregri-

511 1821 624 1864 nos
653 1811 716 1862 et
739 1819 882 1880 erga
901 1800 1083 1859 cives.

595 1893 848 1954 Bacca.
889 1891 1164 1972 Agedum
1189 1895 1528 1973 quomodo
1505 1912 1750 1975 januam
1780 1892 2073 1975 pultabo?
2098 1889 2397 1973 quomodo
2424 1889 2451 1948 3
2533 1888 2803 1959 Quonam

508 1987 612 2048 hic
635 1985 816 2048 modo
839 1985 1079 2064 pultant
1107 1984 1362 2046 incole?
1444 1985 1715 2049 ΧΑιιτιι.
1753 1987 1847 2046 Ne
1876 1997 2112 2067 tempus
2139 1999 2319 2057 teras,
2348 1982 2456 2043 sed
2486 1981 2807 2061 aggredere

501 2081 772 2162 januam,
799 2089 870 2137 ut
915 2088 1148 2150 ornatu,
1199 2079 1285 2139 sic
1337 2079 1516 2140 etiam
1568 2081 1765 2141 animo
1820 2077 2140 2140 Herculem
2194 2077 2475 2138 referens.
2556 2075 2805 2136 Bacca.

512 2173 681 2232 Heus
704 2189 870 2252 puer.
954 2171 1135 2230 AEac.
1181 2170 1327 2239 Quis
1355 2171 1512 2232 iste?
1600 2172 1849 2233 Bacca.
1896 2171 2187 2232 Hercules
2220 2171 2321 2232 ille
2350 2168 2541 2230 fortis.
2624 2167 2801 2228 AEac.

511 2263 937 2334 Oexecrande,
963 2271 1026 2322 et
1079 2261 1414 2342 impudens,
1459 2276 1522 2324 et
1564 2265 1784 2338 audax,
1830 2271 1893 2324 et
1938 2264 2189 2344 impure,
2232 2274 2295 2324 et
2346 2261 2701 2342 perimpure,
2750 2270 2810 2320 et

507 2353 922 2438 impurissime,
945 2355 1050 2435 qui
1073 2373 1300 2416 canem·
1331 2366 1597 2418 nostrum
1628 2358 1945 2418 Cerberum
1997 2365 2357 2437 protractum
2402 2354 2657 2434 abegisti
2704 2355 2809 2414 ob-

509 2459 668 2514 torto
695 2448 872 2522 collo,
899 2457 976 2507 ·et
1014 2447 1159 2528 fuga
1197 2460 1256 2510 te
1277 2469 1431 2510 ‚cnm
1471 2469 1548 2510 eo
1590 2450 1949 2532 proripuisti,
1978 2468 2173 2530 quem
2218 2469 2331 2529 ego
2378 2447 2806 2509 custodiebam.

513 2541 636 2604 Sed
664 2560 823 2602 nune
849 2539 1080 2602 medius
1125 2543 1376 2604 teneris:
1419 2543 1565 2616 talia
1604 2553 1679 2604 te·
1702 2543 1905 2624 Stygis
1939 2554 2071 2604 atra
2110 2553 2279 2624 petra
2314 2553 2377 2603 et
2416 2541 2808 2603 Acherontius

508 2635 798 2716 scopulus
850 2633 1139 2714 sanguine
1187 2654 1438 2696 manans
1490 2635 1833 2710 adservant,
1889 2646 1954 2698 et
2007 2636 2221 2717 Cocyti
2270 2635 2807 2696 circumcursantes

509 2749 715 2816 canes,
745 2726 1137 2818 Echidnaque
1161 2729 1487 2811 centiceps,
1507 2749 1647 2810 quae
1672 2730 1903 2790 viscera
1936 2739 2045 2792 tua
2083 2727 2415 2810 discerpet:
2462 2728 2807 2808 pulmones·

510 2841 628 2908 que
655 2833 792 2884 tuos
819 2820 1094 2900 corripiet
1119 2821 1390 2882 Tartesia
1414 2843 1723 2884 murena:
1776 2843 1951 2885 renes
1978 2841 2121 2884 vero
2144 2835 2285 2882 tuos
2305 2830 2647 2881 cruentatos
2688 2839 2815 2879 una

509 2935 646 2978 enm
664 2915 814 2996 ipsis
841 2914 1138 2975 intestinis
1167 2914 1501 3000 distrahent
1519 2917 1836 2997 Gorgones
1861 2917 2197 2991 Tithrasioe,
2223 2935 2371 2998 quas
2404 2916 2587 2976 citato
2628 2933 2811 2976 cursu

511 3027 808 3072 arcessam
851 3027 1020 3088 ego..
1073 3010 1342 3071 xmm.
1407 3009 1577 3071 Heus
1624 3022 1711 3084 tn,
1760 3010 1905 3092 quid
1950 3008 2191 3072 fecisti?
2274 3010 2525 3070 Bacca.
2566 3007 2813 3068 Cacavi.

513 3101 706 3182 Opem
729 3099 978 3178 implora
1005 3100 1123 3162 dei.
1208 3103 1480 3164 ΧΑιιτιι.
1522 3103 1578 3163 Ο
1628 3103 1892 3177 ridicule,
1938 3123 2136 3164 nonne
2185 3103 2304 3164 cito
2344 3121 2573 3182 surges,
2617 3101 2815 3180 prius·

510 3211 692 3276 quam
715 3199 778 3250 te
803 3191 1005 3252 videat
1030 3193 1258 3252 alienus
1279 3197 1597 3276 quispiam.
1672 3197 1921 3258 Bacca.
1946 3196 2066 3256 Sed
2088 3196 2325 3276 linquor
2346 3195 2573 3256 animo:
2605 3211 2815 3253 verum

511 3288 602 3350 fer
619 3285 700 3347 ad
727 3303 831 3346 cor
855 3303 1056 3346 meum
1075 3287 1405 3365 spongiam.
1491 3291 1761 3352 ΧΑιι-ιιι.
1806 3291 1921 3364 En,
1950 3290 2171 3371 accipe.
2234 3290 2483 3352 Bacca.
2514 3286 2814 3350 Admove.

515 3385 786 3442 ΧΑιιτιι.
831 3377 944 3436 Ubi
985 3378 1124 3438 est?
1207 3379 1306 3438 Dii
1350 3382 1522 3440 boni!
1578 3381 1675 3441 hic
1726 3382 1912 3444 habes
1961 3385 2105 3446 cor?
2190 3383 2445 3448 Baccn.
2487 3383 2641 3442 Nam
2682 3400 2816 3461 proe

512 3485 678 3536 metu
695 3473 757 3532 in
783 3469 1114 3530 inferiorem
1155 3481 1418 3532 ventrem
1467 3473 1777 3554 delapsum
1822 3487 1939 3538 est.
2020 3479 2291 3538 Xan-ru.
2332 3476 2387 3534 Ο
2430 3474 2815 3534 timidissime

514 3566 756 3636 deorum
783 3571 1054 3643 tu-atque
1085 3563 1408 3627 bominum.
1475 3567 1723 3630 Bacca.
1756 3569 1932 3651 Ego?
1988 3569 2286 3650 quomodo
2313 3567 2554 3628 timidus
2586 3585 2817 3638 essem,

511 3660 616 3742 qui
649 3656 962 3740 spongiam
1009 3675 1048 3717 a
1087 3667 1145 3717 te
1193 3659 1378 3738 petii?
1433 3679 1608 3723 nemo
1650 3663 1798 3725 sa‘ne
1842 3664 1993 3724 alius
2036 3663 2153 3724 hoc
2190 3661 2447 3724 fecisset.
2530 3661 2815 3720 Xan-ru.

511 3754 671 3826 Quid
699 3749 885 3815 vero?
945 3751 1216 3813 Bacca.
1245 3752 1547 3816 Jacuisset
1566 3756 1879 3831 olfaciens,
1908 3757 1957 3816 si
1982 3757 2225 3818 timidus
2248 3764 2441 3816 esset:
2469 3771 2585 3833 ego
2603 3764 2819 3812 autem

511 3846 755 3920 surrexi,
783 3855 846 3906 et
883 3844 962 3906 ad
1016 3843 1148 3906 haec
1197 3847 1448 3908 abstersi
1495 3861 1690 3913 nates.
1772 3853 2045 3912 Xan-ru.
2088 3850 2289 3910 Fortia
2335 3868 2481 3908 sane
2536 3846 2721 3919 faeta,
2776 3865 2821 3906 ο

511 3942 850 4021 Neptuner
905 3938 1152 4000 Bacca.
1215 3940 1308 4000 Ita
1363 3941 1584 4017 hercle,
1638 3944 1867 4024 opinor.
1969 3945 2052 4004 At
2102 3953 2169 4003 tu
2224 3960 2422 4002 noune
2470 3937 2821 4002 formidasti

509 4032 818 4112 strepitum
861 4033 1165 4094 verborum
1207 4044 1270 4092 et
1319 4035 1554 4098 minas?
1633 4040 1905 4100 Xan-ru.
1948 4036 2149 4096 Flocci
2204 4053 2325 4095 non
2375 4029 2515 4104 feci,
2570 4031 2659 4092 ita
2710 4051 2823 4090 me

507 4126 740 4207 Jupiter
766 4134 946 4186 amet.
1025 4125 1272 4188 Bacca.
1315 4128 1613 4208 Agedum,
1656 4128 2138 4212 quandoquidem
2186 4127 2487 4188 animosus
2533 4134 2595 4184 et
2636 4121 2824 4184 fortis

509 4241 598 4292 es,
625 4229 692 4280 tu
711 4220 820 4280 fias
847 4237 984 4297 ego,
1003 4218 1174 4280 clava
1201 4219 1314 4282 hac
1352 4235 1552 4286 sumta
1604 4235 1666 4286 et
1716 4225 1961 4285 leonina
2012 4222 2187 4304 pelle,
2242 4221 2291 4283 si
2346 4216 2586 4300 quidem
2636 4215 2825 4278 nullo

506 4316 714 4378 timore
731 4310 1082 4391 quatiuntur
1109 4313 1341 4376 viscera
1367 4326 1510 4379 tua:
1569 4338 1683 4400 ego
1698 4337 1847 4380 ,νοω
1880 4318 1943 4378 in
1986 4327 2215 4397 partem
2255 4333 2357 4376 ero
2396 4309 2504 4372 tibi
2544 4309 2831 4390 bajulus.

509 4409 775 4482 Xan-ru.
819 4404 986 4466 Cedo
1009 4426 1083 4468 ea
1109 4407 1416 4480 celeriter:
1466 4431 1596 4473 mos
1613 4415 1775 4474 enim
1802 4411 2099 4493 gerendus
2128 4418 2258 4470 est:
2306 4417 2367 4468 et
2388 4405 2619 4464 intuere
2652 4403 2825 4464 Her·-

505 4499 738 4561 culeum
773 4498 1118 4578 Xanthiam,
1159 4503 1505 4580 autimidus
1546 4507 1777 4570 futurus
1818 4506 1951 4579 sim,
1992 4516 2077 4576 et,
2096 4503 2181 4565 tui
2220 4499 2463 4564 similem
2491 4495 2825 4560 habiturus
