3059 5059
432 383 544 442 122
1176 375 1964 438 ARISTOPHANIS
2371 377 2726 462 [208-280

429 531 563 593 age,
590 529 769 592 quam
798 510 1079 571 citissime
1106 511 1167 568 in
1196 510 1536 572 fruticetum
1567 507 1893 591 ingredere,
1923 521 1984 570 et
2011 510 2208 570 excita
2233 509 2569 571 lusciniam.
2611 511 2727 572 Er.

430 607 560 686 Age
578 605 717 666 vitae
742 604 883 664 mihi
932 621 1201 676 consors,
1246 603 1455 664 desine
1496 603 1714 676 somni,
1759 621 2180 683 sacrorumque
2223 602 2436 663 modos
2487 601 2730 664 effunde

432 701 809 781 hymnorum,
844 717 995 776 quos
1053 696 1251 758 divino
1305 716 1405 757 ore
1456 696 1736 758 flebiliter
1787 707 2020 769 cantas,
2079 715 2392 776 meumque
2447 705 2733 776 tuumque

430 791 855 854 lacrimabilem
886 791 1019 871 Ityn
1048 789 1425 872 complorans
1467 789 1671 850 tenelli
1714 791 1830 850 oris
1874 789 2112 870 liquidis
2155 790 2451 850 cantibus.
2535 787 2732 850 Purus

430 886 719 968 procedat
745 905 851 966 per
881 893 1189 945 comantes
1219 894 1390 944 taxos
1418 882 1496 943 ad
1526 883 1694 944 Jovis
1722 903 1914 963 usque
1943 883 2144 943 sedem
2171 903 2374 956 sonus,
2403 881 2504 942 ubi
2546 901 2728 943 aureo

429 979 680 1040 decorus
710 979 869 1038 crine
899 977 1161 1037 Phoebus
1190 989 1357 1038 tuum
1386 976 1714 1038 exaudiens
1745 975 1952 1047 melos,
1979 975 2054 1035 ad
2084 988 2218 1036 tuos
2248 976 2452 1055 elegos
2479 993 2730 1056 respon-

428 1091 593 1145 sans,
616 1073 817 1152 pulsat
838 1073 1157 1132 eburneam
1186 1063 1496 1142 citharam,
1528 1070 1892 1149 deorumque
1917 1069 2125 1129 statuit
2145 1067 2358 1128 choros
2386 1089 2402 1129 :
2432 1080 2558 1128 tum
2587 1087 2730 1130 vero

428 1187 502 1226 ex
534 1163 947 1225 immortalium
974 1184 1075 1223 ore
1103 1165 1227 1225 exit
1252 1163 1631 1224 concordans
1661 1163 1835 1224 simul
1857 1162 2058 1222 divina
2089 1163 2394 1224 beatorum
2437 1160 2734 1222 acclama-

426 1262 529 1320 tio.
574 1257 777 1336 maia
796 1261 962 1319 canit
989 1261 1155 1319 intus
1182 1256 1447 1338 aliquis.)
1529 1256 1764 1316 Pisi-11.
1795 1257 1914 1316 Pro
1939 1257 2208 1338 Jupiter!
2251 1275 2290 1316 o
2315 1255 2734 1316 delectabilem

426 1353 677 1414 aviculae
724 1357 969 1411 vocem!
1022 1362 1091 1411 ut
1136 1351 1307 1411 melle
1364 1349 1628 1429 perfudit
1673 1349 2012 1409 universum
2069 1348 2440 1409 fruticetum!
2523 1349 2728 1408 Eun..

428 1445 597 1506 Heus
630 1456 713 1504 tu.
798 1445 1030 1504 Fre-1⁸11.
1060 1442 1219 1512 Quid
1250 1443 1385 1504 est?
1468 1443 1672 1504 Eun.
1705 1442 1862 1511 Quin
1895 1442 2103 1502 taces?
2159 1442 2389 1502 Pis-tn.
2416 1441 2576 1509 Quid
2603 1440 2734 1502 ita?

428 1539 634 1599 Eum..
654 1540 867 1617 ›Epops
898 1537 971 1596 ad
1003 1535 1365 1598 cantandum
1392 1535 1604 1596 iterum
1637 1555 1700 1595 se
1729 1547 2052 1614 comparat.
2137 1537 2246 1596 Er.
2279 1535 2524 1616 Epopoi,
2545 1551 2732 1614 popo·

425 1650 525 1710 po,
555 1629 982 1711 popoi,popoi.
1067 1629 1155 1703 Io,
1183 1629 1262 1702 io,
1288 1629 1393 1701 ito,
1438 1630 1543 1700 ito,
1594 1621 1697 1700 ite,
1742 1629 1847 1700 ito,
1897 1629 1980 1688 ito
2027 1629 2146 1689 huc
2195 1627 2394 1708 aliqua
2433 1626 2728 1687 sociarum

428 1724 571 1784 mibi
600 1724 943 1794 volucrium,
964 1733 1261 1803 quotquot
1286 1722 1508 1782 fertiles
1533 1741 1807 1801 agrorum
1837 1733 2063 1782 tractus
2094 1721 2502 1800 depascimini,
2533 1718 2732 1780 infini-

425 1829 490 1879 ta
516 1835 735 1897 genera
762 1815 1266 1888 hordeivorarum,
1293 1816 1635 1894 seminaque
1677 1815 2004 1896 legentium
2053 1831 2261 1895 gentes
2307 1813 2576 1876 celeriter
2621 1833 2728 1874 vo-

425 1911 645 1980 lantes,
690 1909 927 1968 mollem
958 1909 1297 1968 emittentes
1328 1927 1566 1976 vocem:
1625 1927 1880 1988 quaeque
1927 1909 1985 1967 in
2039 1909 2286 1968 sulcatis
2335 1907 2496 1986 agris
2551 1925 2732 1988 super

426 2003 615 2082 glebis
638 2002 943 2061 cacabatis
971 2013 1089 2061 tam
1118 2001 1256 2060 exili
1282 2019 1450 2072 sono,
1480 2001 1812 2080 gaudentes
1843 2021 2011 2063 voce.
2089 2004 2200 2060 'rio
2247 2001 2330 2062 tio
2375 2001 2458 2060 tio
2507 2001 2592 2060 tio
2640 1999 2725 2060 tio

424 2097 509 2156 tio
533 2095 613 2156 tio
644 2095 747 2154 tio.
835 2095 910 2152 Et
938 2113 1311 2174 quaecunque
1338 2103 1603 2155 vestrum
1631 2115 1736 2174 per
1757 2095 1962 2155 hortos
2003 2096 2064 2154 in
2103 2093 2340 2154 hederas
2399 2094 2572 2153 ramis
2621 2113 2730 2154 va·-

426 2189 666 2270 gamini,
697 2207 953 2268 quaeque
982 2209 1087 2267 per
1110 2199 1363 2260 montes,
1411 2199 1473 2248 et
1514 2207 1653 2267 quae
1703 2188 2031 2248 silvestrem
2077 2186 2465 2269 depascimini
2509 2187 2726 2247 olivam

426 2285 853 2360 tributumque:
906 2281 1025 2341 cito
1072 2281 1349 2342 advolate
1400 2281 1479 2341 ad
1535 2299 1730 2342 meam
1781 2301 2027 2343 vocem:
2085 2281 2263 2341 trioto
2319 2281 2496 2340 trioto
2547 2281 2726 2341 trioto

423 2377 631 2438 tobrix.
696 2374 966 2454 Quaeque
992 2374 1303 2456 paludosis
1332 2377 1394 2434 in
1422 2374 1681 2436 vallibus
1710 2375 2010 2436 aculeatos
2041 2374 2260 2436 culices
2289 2374 2621 2442 devoratis:
2665 2383 2730 2436 et

423 2489 563 2549 quoe
590 2467 829 2528 roscida
854 2480 1027 2528 terrae
1060 2469 1199 2529 loca
1246 2468 1526 2543 incolitis,
1565 2480 1922 2549 pratumque
1967 2487 2264 2530 amoenum
2309 2467 2724 2539 Marathonis:

422 2571 603 2641 atque
644 2561 771 2622 avis
812 2561 973 2641 picta
1016 2561 1143 2622 alas
1186 2571 1453 2642 attagen,
1495 2572 1777 2642 attagen:
1835 2582 2201 2642 quarumque
2245 2581 2422 2641 super
2463 2562 2723 2623 marinos

423 2655 587 2736 ponti
616 2655 830 2715 fluctus
860 2673 1012 2735 gens
1042 2674 1176 2715 cum
1207 2654 1580 2716 alcedinibus
1603 2655 1800 2716 volat:
1840 2656 1961 2717 huc
1985 2656 2194 2716 adeste
2215 2673 2310 2716 rea
2339 2673 2524 2715 novas
2553 2655 2725 2715 audi-

420 2757 590 2809 turae.
678 2745 895 2808 Omnia
930 2747 1089 2807 enim
1127 2747 1244 2808 huc
1290 2767 1511 2827 genera
1548 2768 1982 2828 congregamus
2028 2747 2437 2828 longicollium
2497 2747 2724 2808 alitum.

422 2841 659 2922 Quippe
688 2840 850 2901 venit
878 2853 1124 2920 argutus
1154 2841 1397 2921 quidam
1426 2861 1633 2915 senex,
1658 2843 1796 2902 novi
1825 2843 2096 2904 inventor
2134 2839 2365 2914 consili,
2407 2859 2726 2901 novarum·

424 2953 543 3014 que
570 2953 760 2994 rerum
790 2943 1018 2996 auctor.
1104 2935 1291 3014 Igitur
1316 2935 1395 2996 ite
1425 2935 1501 2995 ad
1529 2935 1924 2996 conferendos
1955 2955 2260 2997 sermones
2306 2947 2540 2996 cunctae
2583 2935 2726 3010 buc,

420 3027 560 3099 huc,
583 3028 721 3100 huc,
752 3026 888 3089 huc.
978 3028 1192 3089 Onon.
1220 3028 2058 3104 Torotorotorotorotorotinx,
2087 3029 2389 3100 ciccabau,
2415 3027 2724 3104 ciccaban‚

420 3119 1121 3181 torotorotorototililinx.
1208 3121 1438 3182 szrn.
1476 3123 1688 3182 Viden’
1724 3124 1984 3204 aliquam
2025 3121 2238 3184 avem?
2323 3121 2530 3184 Eum..
2573 3121 2728 3182 Nul-

418 3213 537 3272 lam
568 3211 865 3292 equidem,
896 3213 979 3271 ita
1010 3233 1105 3274 me
1119 3215 1289 3292 juvet
1316 3215 1572 3295 Apollo;
1623 3227 1685 3277 et
1713 3225 1910 3278 tamen
1945 3217 2184 3276 inhians
2227 3215 2286 3274 in
2329 3214 2542 3275 coelum
2587 3235 2722 3275 sus·

416 3307 589 3385 picio.
632 3305 865 3366 P1srn.
900 3307 1143 3366 Frustra
1172 3327 1335 3387 ergo,
1366 3321 1435 3368 ut
1462 3309 1716 3384 videtur,
1737 3311 1797 3370 in
1827 3311 2162 3371 fruticetum
2185 3309 2492 3388 ingressus
2517 3308 2722 3389 Epops

418 3419 573 3473 sese,
592 3409 878 3478 tanquam
898 3400 950 3458 si
970 3398 1099 3460 ovis
1127 3402 1387 3476 incubet,
1415 3403 1748 3476 abscondit,
1769 3402 2146 3464 charadrium
2172 3401 2456 3462 imitatus.
2488 3401 2721 3462 Primii.

417 3493 720 3565 Torotinx,
744 3493 1028 3554 torotinx.
1111 3492 1350 3554 Pis-ru.
1380 3496 1484 3568 At,
1514 3515 1552 3556 o
1571 3497 1750 3569 bone,
1778 3497 1982 3558 haecce
2000 3496 2126 3576 jam
2157 3494 2358 3573 aliqua
2385 3494 2549 3554 venit
2575 3495 2725 3554 avis.

420 3588 628 3647 Eun..
658 3585 801 3645 Avis
830 3585 1073 3666 quidem
1100 3586 1324 3649 hercle.
1410 3588 1492 3649 At
1524 3609 1797 3670 quaenam
1841 3590 1944 3650 illa
1971 3587 2108 3650 est?
2148 3607 2302 3647 anne
2341 3605 2482 3646 vero
2526 3606 2680 3666 pavo
2699 3587 2728 3645 ⁴!

418 3681 652 3740 szrn.
682 3679 796 3740 Hic
828 3681 954 3758 ipse
985 3681 1157 3741 nobis
1186 3680 1490 3742 indicabit.
1577 3684 1869 3753 Quaenam
1899 3697 1994 3766 est
2018 3683 2136 3742 ista
2163 3679 2339 3742 avis?
2426 3681 2539 3741 Ei».
2573 3680 2726 3742 Haec

418 3792 539 3833 non
562 3783 651 3834 est
676 3791 796 3832 una
825 3772 1058 3832 illarum
1082 3773 1473 3854 familiarium,
1502 3797 1654 3855 quas
1674 3797 1780 3838 vos
1798 3777 2011 3838 videtis
2036 3775 2354 3841 continuam
2390 3773 2498 3835 sed
2520 3773 2730 3854 palus·

417 3866 545 3928 tris.
588 3865 821 3926 szrii.
846 3865 1055 3945 Papae!
1087 3867 1337 3947 pulchra
1352 3887 1499 3930 sane
1522 3882 1588 3930 et
1608 3871 1876 3951 punicea.
1921 3871 2036 3932 Er.
2062 3867 2390 3949 Quippini?
2419 3866 2728 3947 Siquidem

418 3970 481 4020 et
510 3978 724 4018 nomen
754 3960 867 4040 ipsi
894 3961 972 4020 sit
1000 3960 1473 4041 Phoenicoptero.
1522 3965 1740 4025 Eunu·
1756 3965 1923 4025 Heus
1947 3975 2032 4024 tu.
2079 3963 2312 4022 Prsrn.
2336 3959 2496 4027 Quid
2519 3960 2728 4020 clami-

418 4051 557 4112 tas?
612 4053 819 4114 Eum..
844 4053 978 4112 Alia
1002 4053 1131 4115 haec
1156 4055 1365 4116 iterum
1396 4059 1545 4117 avis.
1591 4057 2076 4136 Prs‘rn.Edepol
2105 4077 2199 4116 nse
2230 4055 2364 4127 alia,
2388 4055 2723 4133 peregrina,

416 4155 495 4210 nt,
514 4145 764 4220 videtur,
794 4146 1163 4228 alienamque
1195 4147 1293 4211 bic
1316 4153 1515 4212 sede'm
1543 4153 1790 4213 babens.
1863 4152 2152 4220 Quaenam
2183 4150 2314 4208 boec
2343 4158 2437 4207 est
2464 4147 2726 4207 absurda

418 4239 661 4300 oracula
688 4257 908 4300 canens
933 4240 1056 4302 avis
1084 4244 1445 4305 monticola?
1526 4245 1640 4308 ΕΡ.
1673 4245 1906 4306 Nomen
1927 4245 2062 4306 huic
2087 4243 2303 4302 Medus
2327 4253 2441 4301 est.
2485 4239 2724 4301 Pisa-ir.

418 4330 685 4393 Medus?
742 4351 777 4392 o
822 4352 919 4395 rex
963 4333 1291 4396 Hercules!
1374 4339 1508 4407 Quo
1552 4338 1790 4418 demum
1832 4349 2010 4420 pacto
2051 4337 2178 4396 sine
2219 4334 2466 4407 camelo,
2499 4333 2720 4394 Medus

417 4443 602 4504 quum
634 4427 732 4499 sit,
759 4423 1100 4490 advolavit?
1188 4429 1393 4491 Eum..
1452 4433 1602 4492 Haec
1631 4443 1828 4494 autem
1859 4432 1978 4493 alia
2003 4431 2246 4490 cristata
2289 4429 2413 4488 avis
2445 4445 2724 4506 quaenam

419 4518 559 4579 est?
620 4519 851 4582 P1s·r11.
882 4520 1045 4591 Quid
1070 4522 1311 4586 tandem
1338 4525 1491 4587 istuc
1523 4528 1782 4608 portenti
1810 4525 1948 4588 est?
1975 4543 2096 4586 non
2124 4524 2326 4600 itaque
2359 4533 2421 4582 tu
2453 4522 2620 4582 solus
2647 4538 2716 4579 cs
