3059 5059
339 403 700 486 sir-296]
1095 401 1941 466 ACHARNENSES.
2614 407 2655 468 5

337 551 436 594 me
473 541 626 594 tnnc
671 532 960 613 agitatus,
1005 531 1342 615 effugisset,
1387 553 1502 596 nec
1552 539 1675 596 tam
1702 534 1823 596 levi
1850 533 2003 615 pede
2030 553 2095 596 se
2122 534 2493 600 abstulisset.
2570 537 2669 598 At·

335 645 522 697 nunc,
547 642 732 704 quum
748 625 874 705 jam
899 626 1100 706 rigent
1137 647 1338 706 genua
1379 646 1537 701 moa,
1580 639 1643 689 et
1684 627 2017 688 Lacratidoe
2040 628 2176 689 seni
2201 637 2655 708 pregravantur

337 737 538 790 crura,
563 718 796 798 effugit:
865 719 1032 780 Snu-
1073 719 1158 780 At
1195 721 1474 800 persequi
1517 741 1657 782 eum
1684 732 1940 800 oportet.
2024 719 2116 783 Ne
2144 721 2364 782 etenim
2386 741 2657 801 unquam

335 829 454 872 nos
483 811 746 883 irrideat,
777 811 914 873 licet
942 830 1118 873 senes
1167 813 1375 881 simus.
1422 813 1733 894 gloriando
1778 833 1847 874 se
1886 813 2307 875 Acharnenses
2351 811 2657 893 effugisse,

341 903 472 983 qni,
497 924 536 964 o
563 904 805 984 Jupiter
833 914 896 965 et
921 904 1026 978 dii,
1053 925 1190 967 cum
1215 905 1494 968 hostibus
1523 908 1669 968 meis
1698 905 1973 968 inducias
2020 917 2233 986 pactus
2280 917 2398 978 est,
2444 917 2659 968 contra

339 1015 495 1076 quos
519 1017 558 1058 a
583 1015 681 1057 me
709 997 934 1068 bellurn
961 999 1242 1060 infestum
1271 1001 1463 1080 magis
1489 999 1803 1079 magisque
1832 1012 2107 1080 augetur,
2156 1001 2233 1060 ob
2262 1010 2498 1060 vastata
2526 1017 2663 1060 mea

341 1089 608 1168 predia:
667 1109 782 1151 nec
809 1092 1128 1164 remittam,
1155 1093 1502 1172 priusquam
1528 1092 1695 1153 velut
1727 1092 1949 1173 juncus
1978 1092 2125 1172 ipsis
2154 1093 2371 1152 infixus
2397 1092 2659 1154 haeream

341 1193 580 1254 acutus,
607 1183 920 1256 molestus,
970 1184 1266 1246 infestans
1309 1205 1416 1246 eos
1471 1185 1693 1258 classe,
1722 1205 1797 1246 ne
1824 1205 2087 1266 unquam
2116 1187 2472 1247 conculcent
2492 1206 2659 1248 meas

339 1276 515 1337 vites.
603 1276 821 1338 Cnon.
865 1277 990 1337 Sed
1039 1279 1389 1358 conquirere
1439 1287 1679 1359 oportet
1732 1277 2030 1340 hominem
2078 1289 2140 1340 et
2184 1277 2481 1358 lapidibus
2520 1297 2661 1340 eum

341 1371 612 1444 obruere,
643 1378 709 1430 et
735 1371 1010 1450 persequi
1037 1391 1072 1430 e
1101 1369 1234 1432 loco
1263 1372 1322 1432 in
1355 1370 1576 1443 locum,
1606 1369 1799 1432 donec
1828 1370 2162 1433 inveniatur
2184 1371 2449 1434 tandem.
2500 1370 2663 1432 Nam

343 1481 458 1540 ego
483 1461 788 1542 lapidibus
819 1483 952 1524 eum
980 1463 1244 1542 petendo
1273 1462 1478 1526 satiari
1510 1483 1631 1523 non
1660 1481 1929 1543 possum.

427 1553 580 1615 Drc.
625 1557 752 1616 Ore
781 1555 998 1628 favete,
1025 1575 1128 1617 ore
1149 1557 1366 1638 favete.
1409 1557 1629 1616 Ceron.
1656 1557 1839 1618 Silete
1856 1575 2087 1617 omnes.
2122 1555 2471 1618 Audistisne
2499 1556 2663 1620 hunc

343 1647 1040 1728 faventiamjmperare?
1085 1647 1182 1710 hic
1218 1651 1385 1730 ipsus
1415 1659 1533 1722 est,
1560 1669 1739 1730 quem
1768 1649 2113 1728 quoerimus.
2154 1647 2277 1710 Sed
2307 1649 2425 1710 huo
2454 1669 2661 1713 omnes

341 1739 656 1800 concedite
680 1758 698 1800 ι
721 1758 882 1811 nam,
911 1749 981 1800 ut
1005 1741 1258 1814 videtur,
1278 1743 1392 1804 iste
1413 1741 1595 1802 homo
1624 1741 2063 1803 sacrificaturus
2092 1740 2311 1822 prodit.
2356 1741 2507 1804 Dte.
2538 1742 2661 1804 Ore

341 1831 564 1901 favete,
591 1851 694 1892 ore
741 1833 958 1894 favete.
1043 1833 1310 1895 Procede
1337 1834 1522 1913 paulo
1552 1834 1822 1903 ulterius,
1852 1843 1915 1893 tu
1944 1833 2353 1894 canistrisera:
2394 1845 2661 1896 erectum

341 1935 541 1988 autem
571 1923 838 2007 phallum
867 1936 1098 1988 statuat
1147 1927 1430 1988 Xanthia.
1517 1927 1647 1986 Ux.
1692 1926 1945 2006 Depone
1992 1926 2337 1998 canistrum,
2360 1946 2399 1988 o
2426 1925 2568 2000 filia,
2594 1938 2665 1989 ut

343 2036 520 2080 sacra
545 2018 946 2098 auspicemur.
1031 2019 1180 2080 Fu..
1219 2020 1438 2088 Mater.
1468 2019 1589 2080 huc
1631 2018 1774 2078 mihi
1814 2019 2050 2098 porrige
2092 2017 2351 2089 trullam,
2392 2028 2457 2078 ut
2496 2018 2665 2100 pulte

343 2110 698 2190 perfundam
748 2110 1086 2190 placentam
1129 2111 1378 2173 hancce.
1465 2113 1619 2172 Drc.
1664 2112 1791 2171 lsta
1815 2111 2061 2191 quidem
2100 2111 2443 2191 .apparastis
2488 2113 2667 2176 bene.

345 2205 400 2264 0
429 2221 647 2284 magne
677 2203 969 2285 Dionyse,
995 2204 1216 2276 adnue,
1242 2216 1309 2265 ut
1329 2206 1436 2284 qui
1459 2213 1632 2284 grato
1662 2204 1861 2264 animo
1882 2204 2036 2264 hanc
2058 2223 2337 2282 pompam
2370 2203 2471 2264 tibi
2496 2204 2663 2276 duxi,

341 2307 402 2360 et
431 2297 762 2358 sacrificavi
779 2317 914 2358 cum
943 2298 1352 2370 familiaribus,
1379 2316 1663 2380 prospere
1682 2296 1903 2377 agitem
1928 2297 2221 2376 Dionysia
2250 2295 2487 2367 ruralia,
2506 2297 2663 2358 mili·

341 2389 426 2450 tia
453 2387 798 2460 defunctus,
831 2401 1014 2469 utque
1041 2391 1182 2451 mihi
1205 2392 1356 2451 bene
1386 2391 1607 2452 cedant
1634 2389 1895 2452 inducioe
1923 2387 2305 2450 tricennales.
2348 2389 2476 2446 Ux.
2512 2390 2663 2469 Age,

342 2481 488 2552 filia,
519 2479 604 2541 ds.
631 2501 895 2561 operam,
923 2493 992 2542 ut
1017 2483 1344 2544 canistrum
1373 2483 1529 2544 bella
1558 2483 1717 2554 belle
1746 2493 1968 2562 portes,
1989 2483 2155 2544 vultu
2180 2481 2665 2562 austero,'tbym·

339 2575 630 2654 bramque
659 2585 858 2636 tuens.
938 2576 993 2634 O
1023 2597 1204 2655 quam
1233 2578 1447 2638 beatus
1475 2577 1611 2649 erit,
1636 2576 1743 2655 qui
1772 2588 1831 2636 te
1862 2575 2053 2648 inibit,
2082 2560 2377 2654 facietque
2405 2586 2473 2634 ut
2500 2595 2665 2636 mus·-

341 2668 484 2730 teloe
513 2687 634 2730 non
663 2668 861 2728 minus
889 2667 1200 2730 videantur
1236 2669 1433 2744 visite,
1477 2687 1659 2750 quam
1697 2681 1785 2741 tu,
1816 2667 2112 2730 sub‘lucis
2140 2674 2448 2730 exortum!
2510 2668 2667 2734 Proq

344 2761 615 2838 gredere,
641 2769 708 2820 et
729 2761 792 2820 in
839 2763 1018 2822 turbs.
1059 2761 1272 2824 sedulo
1301 2781 1468 2834 cave,
1497 2783 1577 2824 ne
1603 2762 1738 2842 quis
1768 2763 1920 2822 clam
1953 2771 2120 2824 tuum
2162 2760 2403 2822 arrodat
2432 2777 2667 2828 aurums

347 2853 500 2915 Drc.
543 2853 692 2926 Vos,
721 2873 760 2914 o
787 2855 1074 2928 Xanthia,
1109 2865 1374 2916 erectum
1414 2865 1652 2936 oportet
1691 2867 1895 2916 tenere
1923 2853 2188 2934 phallum
2217 2871 2373 2934 pone
2394 2855 2667 2916 canistri·
2718 2887 2727 2908 ι

344 2947 572 3010 seram:
614 2967 732 3027 ego
791 2963 930 3010 vero
977 2951 1352 3029 subsequens
1397 2947 1735 3010 Phallicum
1778 2948 2083 3009 accinam:
2128 2956 2191 3006 tu
2226 2965 2389 3019 vero,
2430 2947 2667 3024 mulier,

347 3051 554 3118 specta
583 3059 678 3100 me
705 3039 782 3100 de
813 3051 994 3102 tecto.
1080 3040 1372 3104 Procede.
1428 3039 1663 3114 Phalle,
1694 3040 1919 3100 Bacchi
1942 3037 2665 3110 amice,·comissationum

349 3133 534 3208 socie,
559 3133 902 3214 noctivage,
930 3134 1184 3206 adulter,
1214 3153 1533 3216 puerorum
1550 3144 1802 3206 amator,
1824 3141 1997 3194 sexto
2024 3143 2083 3194 te
2100 3131 2339 3194 demum
2371 3131 2665 3213 adloquor

347 3245 530 3299 anno,
571 3227 636 3288 in
675 3245 894 3306 pagum
939 3247 1130 3289 meum
1175 3247 1447 3290 reversus
1486 3226 1715 3288 lubenti
1756 3225 1975 3299 animo,
2030 3235 2349 3305 postquam
2388 3226 2665 3290 inducias

344 3319 612 3380 mihimet
638 3332 850 3399 pactus
873 3337 1030 3393 sum,
1049 3320 1334 3382 oerumnis
1356 3330 1418 3382 et
1439 3319 1657 3399 praeliis
1684 3329 1748 3382 et
1774 3319 2087 3380 Lamachis
2108 3319 2451 3382 defunctus.
2466 3319 2667 3384 Multo

347 3411 508 3472 enim
555 3423 652 3473 est
683 3412 1036 3492 jucundius,
1081 3432 1118 3474 o
1161 3411 1395 3487 Phalle,
1424 3413 1658 3485 Phalle,
1698 3413 1752 3473 si
1778 3411 1915 3494 quis
1944 3412 2251 3474 inveniens
2290 3411 2667 3492 lignatricem

345 3513 684 3578 venustam,
723 3504 1096 3585 Strymodori
1143 3503 1447 3578 ancillam,
1489 3505 1784 3568 furantem
1826 3505 1991 3585 ligna
2032 3525 2109 3568 ex
2158 3505 2431 3579 Phelleo,
2475 3506 2667 3569 subli-

347 3615 508 3658 mem
545 3597 806 3660 mediam
847 3597 1112 3678 arripiat,
1165 3597 1450 3678 humique
1491 3609 1853 3678 prosternat,
1902 3611 1963 3660 et
2003 3597 2221 3660 ibidem
2262 3599 2577 3679 permolat,
2621 3618 2665 3676 o

350 3689 588 3762 Phalle,
629 3689 868 3754 Phalle.
947 3693 1012 3752 Si
1065 3692 1372 3754 nobiscum
1402 3691 1723 3770 potaveris,
1750 3691 2031 3752 hesterno
2058 3692 2197 3752 vino
2226 3692 2446 3771 gravis,
2486 3711 2665 3756 mans

345 3784 518 3864 pacis
543 3785 808 3846 catinum
845 3785 1150 3846 sorbebis:
1192 3785 1440 3866 clypeus
1485 3793 1684 3846 autem
1735 3784 1795 3843 in
1850 3785 2017 3846 fumo
2060 3783 2361 3863 pendebit.
2442 3785 2663 3848 Ciron-

351 3877 476 3938 12oe
503 3878 632 3957 ipse
661 3887 778 3950 est,
820 3877 954 3938 iste.
1035 3877 1208 3949 Jace,
1247 3878 1406 3955 jace,
1437 3876 1599 3956 jace,
1642 3876 1813 3956 jace:
1858 3887 2100 3957 percute
2126 3879 2417 3958 impurum
2460 3879 2664 3940 istum.

347 3973 574 4030 Annon
592 3970 810 4050 jacies,
839 3969 1086 4031 nonne?
1171 3969 1322 4030 Drc.
1366 3970 1420 4028 Ο
1453 3968 1775 4032 Hercules!
1814 3969 1959 4050 quid
1987 3970 2103 4033 hoc
2130 3970 2269 4032 est?
2310 3971 2491 4031 ollam
2520 3971 2665 4036 mihi

343 4063 801 4146 confringetis.-
877 4063 1090 4122 Onon.
1183 4062 1346 4131 Quin
1401 4072 1460 4122 te
1517 4061 1815 4144 lapidibus
1842 4064 2201 4136 obtinemus,
2272 4083 2311 4123 o
2366 4065 2663 4144 impurum

345 4165 558 4235 caput.
635 4155 793 4219 Dic.
837 4155 1259 4228 Quamobrem,
1301 4173 1338 4217 o
1367 4155 1623 4216 maxime
1652 4154 1917 4216 omnium
1944 4155 2417 4220 Acharneusium
2446 4159 2665 4220 senes!

345 4248 569 4310 Cnon.
613 4249 778 4310 Istuc
825 4246 1045 4326 rogas?
1087 4247 1406 4326 impudens
1451 4268 1518 4308 es
1566 4257 1630 4308 et
1668 4248 2020 4321 sceleratus,
2064 4269 2103 4310 o
2142 4250 2409 4332 proditor
2434 4252 2667 4332 patrio,

345 4340 452 4420 qui
479 4359 666 4420 quum
697 4340 864 4402 solus
911 4349 992 4402 ex'
1025 4341 1202 4402 nobis
1229 4341 1506 4402 inducias
1534 4342 1853 4422 pepigeris,
1896 4353 2095 4402 tamen
2124 4343 2313 4404 audes
2350 4345 2663 4424 adspicere

343 4451 464 4496 me.
551 4433 706 4496 Drc.
745 4432 1010 4496 Nescitis
1051 4433 1256 4514 utique
1310 4436 1695 4515 quamobrem
1746 4434 2091 4514 pepigerim.
2175 4436 2386 4515 Itaque
2434 4436 2662 4500 audite.

341 4527 570 4592 cnon.
611 4528 778 4592 Tene
805 4539 874 4590 ut
899 4527 1319 4610 ogoaudiam‘?
1362 4528 1605 4610 peribis.
1647 4528 1987 4620 Obruemus
2010 4540 2069 4592 te
2096 4529 2421 4610 lapidibus.
2506 4531 2663 4599 Drc.
