3059 5059
288 372 691 462 984—1062]
872 370 2023 437 THESMOPHORIAZUSAE.
2478 376 2591 435 163

284 509 417 569 est:
455 502 917 585 jejunemusque
946 500 1212 567 omnino.
1292 504 1415 567 Sed
1444 505 1538 565 eia
1561 505 1620 565 in
1645 506 1821 567 aliam
1861 517 2090 586 partem
2127 494 2330 567 rursus
2377 516 2438 567 te
2479 508 2590 567 cir-

284 614 564 676 cumage,
590 608 755 659 moto
774 599 837 657 in
866 618 1173 660 numerum
1195 596 1385 678 pede:
1430 598 1594 659 clara
1631 618 1776 659 voce
1818 598 2124 659 modulare
2169 618 2402 659 omnem
2447 618 2592 661 can-

282 688 532 750 tilenam
558 711 577 750 :
634 690 755 751 dux
782 712 923 753 vero
942 702 1145 753 noster
1171 692 1255 751 sis
1280 692 1378 751 hic
1408 692 1538 772 ipse
1567 702 1655 763 tu,
1684 692 1981 753 bederifer
2025 690 2263 751 Bacche
2311 692 2589 753 domine:

286 801 403 861 ego
434 784 593 843 enim
646 794 705 845 te
745 785 997 845 canticis
1038 795 1101 846 et
1134 784 1552 845 saltationibus
1600 784 1915 845 celebrabo
1964 784 2196 857 Evium,
2245 804 2282 845 o
2329 786 2589 859 Bacche,

286 872 525 936 Bromie
554 888 617 936 et
644 877 895 939 Semeles
924 886 1123 957 gnate,
1153 877 1351 937 choris
1380 876 1671 957 gaudens,
1693 879 1912 957 quique
1939 878 2002 935 in
2042 878 2362 951 montibus,
2403 879 2592 959 Nym-

282 970 537 1051 pharum
568 975 853 1035 amabiles
881 975 1035 1035 inter
1060 974 1311 1053 hymnos
1362 974 1596 1045 Evium,
1635 974 1869 1043 Evium,
1921 974 2088 1034 Evoii
2135 994 2269 1035 cum
2307 984 2485 1035 cantu
2531 988 2593 1037 et

286 1064 523 1127 choreis
558 1068 774 1128 iteras:
822 1068 1044 1129 circum
1084 1086 1221 1127 vero
1266 1076 1327 1126 te
1374 1078 1614 1127 resonat
1661 1066 2010 1127 Citharonia
2053 1058 2238 1137 Echo,
2269 1066 2592 1147 densisque

287 1154 600 1218 frondibus
624 1160 795 1238 opaci
822 1169 1055 1221 montes
1080 1169 1141 1219 et
1166 1159 1447 1232 umbrosi,
1472 1158 1758 1239 silvaque
1780 1178 2014 1219 saxosae
2044 1158 2313 1233 reboant,
2340 1160 2589 1220 circum-

288 1268 405 1329 que
432 1262 495 1310 te
518 1252 743 1312 hedera
776 1252 935 1313 foliis
960 1252 1265 1332 pullulans
1294 1252 1572 1331 capreolo
1595 1252 1787 1313 floret.

370 1342 558 1405 chr.
600 1342 719 1405 Hic
758 1365 921 1405 nunc
958 1344 1219 1424 plorabis
1262 1345 1378 1405 sub
1422 1344 1544 1405 dio.
1629 1345 1847 1405 Mans.
1893 1346 1948 1405 Ο
1991 1345 2181 1421 lictor,
2221 1348 2470 1408 obsecro
2510 1358 2591 1410 te.

292 1434 475 1497 chr.
508 1436 603 1497 Ne
648 1456 745 1498 me
790 1436 1111 1517 quicquam
1164 1456 1364 1518 roges.
1448 1437 1669 1498 Mans.
1728 1436 1890 1497 Laxa
1939 1436 2194 1501 clavum.
2280 1440 2461 1501 chr.
2511 1440 2596 1502 At

292 1527 405 1589 boc
432 1530 543 1591 tibi
568 1530 803 1593 faciam.
888 1530 1107 1591 Mans.
1148 1531 1259 1591 Voe
1286 1529 1428 1590 mibi
1454 1530 1715 1590 misero!
1757 1532 1948 1612 mag-is
1977 1531 2286 1612 magisque
2325 1552 2460 1593 eum
2503 1534 2597 1593 in-

289 1620 463 1700 figes,
548 1624 729 1684 Iac-r.
772 1624 975 1703 Magis
998 1620 1217 1696 adhuc,
1248 1624 1299 1684 si
1340 1622 1507 1685 velis.
1593 1622 1704 1683 Mn
1717 1640 1810 1682 na.
1860 1624 2106 1696 Attatss,
2150 1630 2390 1686 attatoe!
2439 1626 2598 1687 male

290 1734 524 1794 pereas.
609 1715 790 1777 chr.
818 1716 999 1793 Tace,
1026 1716 1231 1777 infelix
1258 1734 1464 1777 senex.
1548 1715 1702 1796 Age,
1743 1714 1984 1777 afferam
2033 1727 2312 1792 stoream,
2351 1729 2417 1777 ut
2458 1738 2598 1780 cus-

292 1806 535 1869 todiens
554 1821 619 1870 te
638 1811 999 1871 recumbam.
1082 1809 1302 1870 Mans.
1332 1808 1594 1891 Egregia
1621 1808 1754 1870 hoec
1781 1819 1924 1870 sunt
1949 1810 2283 1881 commoda,
2333 1830 2470 1891 quoe
2520 1831 2596 1872 ex

296 1900 591 2008 Euripide
635 1902 915 1983 percipio.
998 1902 1178 1975 Hem,
1228 1902 1335 1975 dii,
1386 1902 1623 1984 Jupiter
1677 1904 1993 1963 Servatur!
2048 1921 2169 1962 non
2226 1902 2401 1983 periit
2455 1924 2596 1984 spes

294 1990 513 2068 omnis,
538 1995 626 2054 vir
650 2014 771 2055 non
794 1995 1029 2057 videtur
1056 2014 1151 2055 me
1177 1994 1560 2076 proditurus.
1604 1992 1712 2055 sed
1733 1994 1873 2054 mihi
1903 1994 2140 2075 signum
2167 1996 2402 2057 occulte
2429 1996 2599 2058 dedit

296 2086 559 2149 Perseus
586 2088 870 2163 emicans,
912 2099 1182 2169 oportere
1222 2109 1318 2149 me
1344 2090 1469 2149 fieri
1499 2086 1958 2148 Andromedam.
2043 2087 2336 2168 Equidem
2376 2108 2440 2150 re
2467 2090 2600 2169 ipsa

292 2181 533 2243 vinctus
562 2200 715 2242 sum.
800 2182 1189 2243 Manifestum
1217 2192 1311 2243 est
1350 2182 1553 2263 igitur,
1592 2200 1724 2242 eum
1753 2191 2088 2255 venturum,
2115 2192 2184 2242 ut
2223 2201 2317 2242 me
2359 2194 2598 2244 servet:

295 2275 519 2355 alioqui
546 2276 701 2335 enim
730 2294 851 2336 non
872 2276 1374 2356 praetervolasset.
1464 2276 1635 2336 Eun.
1663 2286 1734 2335 ut
1757 2274 2084 2336 Pausi-ms.
2117 2274 2290 2335 Carae
2319 2275 2600 2355 virgines,

296 2364 478 2441 carm,
502 2368 731 2429 utinam
759 2368 1045 2430 accedere
1070 2370 1315 2449 possim,
1344 2379 1408 2429 et
1434 2368 1720 2448 Scytham
1748 2368 1954 2429 latere.
1997 2366 2248 2443 Audias,
2275 2386 2314 2429 o
2339 2388 2474 2448 quae
2495 2366 2602 2429 ad-

295 2460 559 2541 loqueris
584 2480 711 2536 eas,
738 2482 875 2541 quae
902 2464 1131 2523 suntin
1160 2463 1364 2537 antris,
1395 2460 1614 2535 adnue,
1643 2461 1772 2522 sine
1799 2461 1879 2521 ad
1911 2479 2150 2522 uxorem
2171 2479 2264 2522 me
2293 2461 2600 2525 accedere.

298 2552 521 2616 Hans.
554 2555 997 2629 Immisericors,
1024 2557 1127 2635 qui
1148 2574 1243 2617 me
1264 2554 1518 2616 vinculis
1551 2554 1904 2615 constrinxit
1945 2554 2334 2615 miserrimum
2371 2544 2600 2616 'morta-

294 2646 460 2708 lium.
544 2648 729 2729 AEgre
754 2646 991 2729 quidem
1020 2648 1289 2730 putidam
1312 2668 1489 2709 anum
1514 2647 1722 2729 effugi,
1747 2648 1890 2729 perii
1919 2658 2154 2708 tamen:
2213 2666 2350 2707 nam
2393 2657 2599 2709 custos

290 2738 647 2819 jamdudum
700 2738 846 2801 mihi
900 2741 1103 2803 adstat
1154 2741 1252 2802 hic
1302 2742 1548 2822 Scytha,
1603 2750 1917 2821 postquam
1969 2740 2146 2801 exitio
2217 2740 2600 2813 destinatum,

298 2833 624 2913 amicisque
649 2832 997 2896 destitutum
1020 2834 1335 2916 suspendit
1360 2853 1475 2906 me,
1502 2834 1696 2894 corvis
1716 2832 2000 2914 pabulum
2021 2832 2304 2893 futurum.
2344 2832 2602 2893 Vidcn’?
2647 2886 2672 2917 ,

300 2944 419 2985 non
446 2927 605 2986 inter
632 2927 867 3000 choros,
914 2948 1105 3009 neque
1154 2927 1418 3007 aequales
1460 2926 1717 3006 puellas,
1761 2925 2127 2987 calculorum
2173 2925 2458 2986 fiscellam
2505 2934 2600 2985 sto

298 3020 567 3081 habens:
598 3019 707 3080 sed
738 3022 915 3081 arctis
944 3022 1194 3082 vinculis
1222 3019 1568 3089 constricta,
1599 3030 1734 3079 ceto
1757 3017 1963 3098 proeda
1992 3018 2303 3079 Glaucetoe
2331 3018 2603 3099 exposita

300 3131 453 3173 sum.
540 3112 693 3172 Cum
716 3113 957 3185 Paeane,
986 3134 1109 3174 non
1138 3112 1410 3194 nuptiali,
1455 3112 1563 3172 sed
1607 3112 1710 3191 qui
1755 3111 1972 3171 vinctis
2015 3112 2349 3183 conveniat,
2398 3112 2602 3193 lugete

298 3224 415 3277 me,
442 3224 483 3265 o
508 3204 805 3279 mulieres,
832 3226 971 3286 qnae
998 3206 1261 3287 indignis
1276 3205 1491 3267 affecta
1518 3224 1650 3265 sum
1671 3202 1864 3277 malis,
1898 3204 2135 3273 infelix:
2165 3223 2202 3265 o
2224 3205 2437 3264 misera
2466 3222 2601 3285 ego,

297 3296 553 3358 misera!
587 3342 603 3357 .
637 3341 653 3356 .
687 3339 701 3355 .
732 3297 839 3358 sed
868 3316 907 3357 a
930 3301 1243 3379 cognatis:
1275 3298 1379 3359 scd
1412 3299 1566 3358 inter
1591 3297 1841 3376 injustas
1863 3296 2232 3358 calamitates
2257 3298 2464 3370 virum,
2485 3297 2602 3357 mei

298 3402 607 3450 auctorem
628 3390 954 3465 infortunii,
974 3394 1393 3463 obtestantem,
1416 3391 1792 3451 lacrimosum
1811 3388 1952 3450 Orci
1971 3389 2194 3451 lessum
2217 3390 2599 3463 excitantem,

294 3482 440 3555 heu,
459 3482 601 3555 hen,
628 3482 767 3555 heu,
796 3485 949 3545 heu!
1004 3486 1107 3564 qui
1134 3504 1229 3549 me
1258 3485 1405 3545 rasit
1430 3484 1704 3563 primum,
1727 3484 1828 3563 qui
1869 3502 1962 3543 me
2005 3494 2249 3544 crocota
2285 3483 2500 3557 induit,
2541 3492 2604 3543 et

296 3585 519 3655 postea
544 3575 623 3635 ad
650 3576 769 3637 hoc
792 3577 955 3637 misit
978 3576 1287 3657 templum,
1308 3578 1409 3637 ubi
1438 3586 1820 3656 congregatae
1855 3575 2153 3638 mulieres.
2241 3575 2297 3634 Ο
2339 3576 2444 3637 fati
2485 3576 2604 3636 mei

298 3667 689 3729 inexorabilis
736 3668 1011 3730 demon!
1062 3688 1099 3729 o
1136 3690 1231 3731 me
1271 3669 1415 3731 diris
1454 3668 1770 3729 devotum!
1817 3669 1965 3738 Quis
2015 3690 2216 3730 coram
2265 3670 2395 3731 boec
2443 3670 2604 3729 mala

298 3761 545 3821 intuens
570 3779 723 3821 meae
764 3782 884 3823 non
912 3763 1279 3825 miserebitur
1320 3761 1674 3823 calamitatis
1723 3762 2026 3842 ingentis?
2071 3764 2299 3825 utinam
2348 3762 2603 3843 ignifera

300 3852 547 3913 etheris
576 3854 753 3915 stella
776 3855 1051 3917 miserum
1076 3874 1169 3917 me
1198 3875 1438 3936 prorsus
1458 3856 1702 3936 perdat!
1755 3874 1873 3915 non
1903 3856 2058 3916 enim
2089 3854 2418 3917 immortale
2449 3854 2602 3915 Solis

294 3947 484 4027 jubar'
504 3948 719 4008 intueri
752 3948 892 4025 mihi
924 3949 1257 4029 jucundum
1303 3959 1397 4010 est
1444 3948 1719 4029 amplius,
1761 3960 2077 4029 postquam
2123 3966 2450 4029 suspensus
2495 3948 2604 4021 fui,

302 4038 619 4101 doloribus
668 4053 869 4121 guttur
914 4044 1270 4122 angentibus
1316 4042 1588 4115 furiatus,
1637 4052 1704 4103 ut
1745 4042 1920 4105 celeri
1963 4042 2168 4103 itinere
2217 4043 2296 4103 ad
2339 4054 2602 4103 mortuos

302 4132 759 4197 descenderem.
842 4136 1008 4195 Eun.
1064 4148 1133 4198 ut
1187 4138 1391 4197 Ecno.
1472 4136 1670 4209 Salve,
1725 4155 1866 4197 cara
1915 4136 2070 4196 filia:
2125 4148 2352 4216 patrem
2403 4148 2632 4196 autem·

304 4226 641 4307 Cepheum,
662 4228 763 4307 qui
790 4241 851 4288 te
874 4231 1169 4309 exposuit,
1198 4230 1353 4291 male
1380 4230 1634 4309 perdant
1661 4228 1764 4290 dii.
1807 4230 2025 4291 Mans.
2053 4240 2120 4290 ut
2147 4230 2604 4289 Annaeusnn.

300 4318 399 4381 'l'u
426 4338 573 4382 vero
596 4338 873 4399 quaenam
908 4342 998 4396 es,
1048 4344 1187 4403 qum
1230 4342 1423 4385 meam
1470 4324 1748 4383 miserata
1795 4342 1862 4381 es
1911 4321 2352 4384 calamitatem?
2433 4320 2603 4382 Eun.

306 4410 504 4487 Echo,
530 4414 713 4475 verba
732 4414 999 4477 recinens
1027 4435 1177 4477 sono
1206 4417 1463 4497 garrulo,
1488 4436 1626 4497 quae
1654 4416 1950 4501 superiore
1979 4436 2136 4477 anno
2161 4417 2220 4475 in
2237 4416 2354 4477 hoc
2391 4415 2604 4475 eodem

306 4502 447 4569 loco
474 4506 743 4587 Euripidi
770 4519 833 4569 et
856 4508 991 4589 ipsa
1018 4508 1277 4590 adjutrix
1306 4509 1410 4571 fui.
1497 4508 1639 4584 Sed,
1665 4529 1702 4571 o
1731 4508 1870 4584 filia,
1917 4518 1976 4571 te
2022 4508 2262 4590 quidem
2303 4507 2366 4568 id
2411 4507 2608 4569 facere
