3059 5059
344 367 766 446 ηδτ-1427]
1348 367 1403 426 v
1426 367 1534 427 es
1557 366 1718 428 PAE.
2539 379 2621 439 93

320 513 449 560 turn
478 500 654 560 feres.
738 497 938 559 Prur..
968 497 1165 566 Quam
1191 496 1836 560 lubenter-comederes
1863 517 1936 560 ex
1965 507 2138 564 aceto
2165 501 2364 564 litem!
2407 503 2616 568 Bou..

324 593 541 654 Nonne
580 589 894 671 indignum
934 600 1031 650 est
1068 589 1211 650 mihi
1251 589 1501 652 illudere
1543 601 1626 664 te,
1667 591 1766 671 qui
1808 591 2110 654 tibicinam
2147 596 2407 658 convivis
2461 598 2620 659 clam

318 682 669 746 abduxisti?
778 684 977 743 Pmr..
1036 681 1375 750 Quamnam
1426 683 1730 744 tibicinam
1750 682 1789 757 ἲ,
1845 685 1990 768 quid
2053 687 2138 748 ita
2197 689 2430 770 ineptis,
2485 701 2620 752 tan-

320 796 501 856 quam
542 796 581 836 a
608 774 840 838 tumulo
889 775 1219 856 delapsus?
1278 775 1483 838 anr..
1528 774 1906 850 Poleccam,
1951 779 2180 858 opinor,
2221 783 2433 860 ipsam,
2482 803 2620 862 quo

317 869 425 930 tibi
453 869 659 930 adstat
686 867 1007 928 Dardanis.
1091 869 1289 930 Pau..
1334 869 1513 930 Non:
1566 887 1769 930 verum
1811 871 1872 932 in
1907 872 2034 932 soro
2077 872 2218 932 teda
2256 872 2369 934 diis
2410 875 2619 937 uritur.

320 960 531 1023 Boea.
576 962 859 1022 Hoeceine
882 959 1065 1022 teda?
1147 960 1346 1022 Pmr..
1392 960 1564 1022 Teda
1584 959 1818 1038 utique.·
1895 964 2109 1026 Nonne
2143 965 2311 1026 vides
2353 966 2621 1047 variega-

314 1055 487 1116 tam!
572 1056 778 1117 anr..
826 1052 986 1126 Quid
1014 1073 1153 1115 vero
1182 1055 1415 1134 nigrum
1452 1054 1640 1114 hocce
1687 1065 1782 1116 est
1821 1056 1947 1135 ejus
1989 1056 2050 1116 in
2091 1056 2335 1119 medio?
2418 1057 2618 1122 Pau..

318 1147 433 1208 Pix
462 1148 740 1209 nimirum
760 1168 835 1208 ex
862 1148 995 1228 ipsa
1024 1147 1267 1208 ardente
1297 1147 1573 1208 exsudat.
1659 1150 1868 1210 Bnnt..
1907 1149 2030 1210 Sed
2056 1150 2170 1210 iste
2195 1169 2396 1212 nonne
2423 1152 2622 1231 podex

311 1249 413 1300 est
436 1240 705 1322 atergoi
787 1241 987 1300 Pau..
1030 1239 1217 1301 Immo
1245 1239 1401 1301 tedae
1428 1260 1630 1302 ramus
1663 1241 1760 1302 hic
1779 1239 2018 1304 eminet.
2101 1243 2309 1304 Bou..
2341 1244 2500 1314 Quid
2529 1245 2617 1306 ais

312 1343 383 1393 tu
404 1333 455 1392 2,
487 1334 625 1414 quis
654 1333 899 1395 ramus?
954 1345 1019 1392 tu
1052 1352 1189 1392 vero
1216 1352 1413 1394 nonne
1443 1332 1562 1394 huc
1599 1333 1755 1395 ibis?
1843 1335 2040 1396 Prin..
2085 1335 2238 1410 Ohe,
2279 1336 2429 1398 obe!
2471 1337 2616 1416 quid

312 1429 515 1488 facere
544 1425 823 1508 cogitas?
867 1425 1073 1486 BnaL.
1105 1424 1278 1486 Hanc
1306 1425 1604 1488 abducere
1631 1427 1928 1488 ademtam
1959 1428 2084 1501 tibi,
2110 1439 2179 1491 ut
2203 1429 2306 1508 qui
2328 1440 2387 1490 te
2415 1440 2619 1509 putem

310 1521 629 1582 rancidum
652 1539 853 1582 senem
884 1538 1018 1579 esse
1047 1527 1110 1578 et
1134 1518 1219 1578 nil
1248 1528 1510 1597 potesse.
1596 1521 1794 1580 Pmr..
1835 1521 2092 1602 Operam
2121 1521 2262 1580 mihi
2305 1519 2386 1582 da
2417 1522 2618 1584 modo.

314 1615 555 1674 Etenim
586 1613 761 1674 ludos
806 1611 1151 1692 olympicos
1192 1631 1377 1692 quum
1421 1623 1751 1692 spectarem
1793 1631 1929 1693 ege,
1972 1613 2288 1692 prudion
2331 1616 2620 1694 pugnavit

319 1728 455 1768 cum
486 1706 773 1768 Asconda
814 1706 1079 1784 egregie,
1120 1725 1303 1766 senex
1335 1705 1499 1786 jam:
1549 1704 1764 1766 deinde
1803 1723 2009 1786 pugno
2051 1705 2265 1768 feriens
2306 1708 2623 1786 prostravit

308 1801 629 1882 juniorem.
674 1798 929 1860 Proinde
957 1817 1125 1868 cave,
1156 1818 1229 1858 ne
1262 1798 1500 1860 suffusis
1528 1817 1738 1876 cruore
1760 1797 1950 1859 oeulis
1979 1797 2390 1880 sugillatisque
2419 1801 2621 1862 abeas.

322 1895 533 1954 Boiu..
574 1891 689 1952 Nae
717 1890 915 1952 hercle
954 1889 1289 1970 Olympiam
1330 1893 1511 1971 probe
1556 1891 1837 1952 didicisti.
1922 1891 2089 1952 Pur.
2131 1894 2286 1972 Age,
2325 1911 2430 1971 per
2469 1892 2619 1955 deos

316 1990 587 2060 obsecro,
646 1984 863 2046 assiste
906 1982 1067 2044 mihi.
1152 1984 1273 2044 Iste
1314 1984 1469 2044 enim
1509 1985 1686 2044 homo
1727 1995 1839 2056 est,
1881 1983 1983 2063 qui
2025 2003 2118 2044 me
2158 1984 2436 2066 perdidit,
2477 1984 2620 2047 teda

316 2079 637 2162 pulsando,
664 2091 725 2140 et
750 2076 1016 2138 excussit
1038 2076 1185 2140 hinc
1212 2095 1400 2156 panes
1428 2077 1632 2136 decem
1663 2076 1930 2156 singulos
1959 2077 2132 2141 unius
2161 2078 2344 2150 oboli,
2371 2087 2438 2144 et,
2467 2077 2618 2140 alios

316 2183 573 2252 quatuor
598 2172 847 2232 sarcinoe
874 2169 1205 2249 impositos.
1253 2170 1455 2230 Bon„
1483 2168 1719 2243 Viden’‚
1741 2169 1885 2250 quid
1917 2169 2127 2232 seceris
2152 2169 2397 2230 denuo?
2439 2172 2618 2232 etiam

320 2267 459 2326 lites
487 2277 713 2345 paratae
742 2264 1083 2324 sunt.nobis
1102 2272 1342 2344 propter
1384 2274 1547 2324 tuam
1589 2261 2017 2324 temulentiam.
2103 2263 2302 2325 Pau..
2347 2263 2618 2337 Minime,

320 2359 615 2439 siquidem
643 2359 775 2419 hoec
802 2367 1161 2438 component
1189 2357 1398 2417 sacetae
1426 2357 1665 2417 fabuloe.
1721 2355 1956 2436 Quippe
1985 2356 2110 2417 scio
2129 2377 2222 2416 me
2243 2356 2381 2419 huic
2407 2376 2616 2418 recon-

320 2452 585 2513 ciliatum
612 2452 703 2512 iri.
790 2451 959 2512 Pax.
1004 2451 1096 2511 lta
1124 2468 1215 2510 me
1254 2449 1542 2529 sospitent
1571 2449 1754 2508 Ceres
1777 2461 1839 2510 et
1865 2449 2238 2528 Proserpina,
2277 2459 2346 2510 ut
2386 2459 2452 2510 tu
2493 2467 2616 2510 non

318 2545 561 2626 impune
600 2543 856 2605 illuseris
886 2543 1125 2624 Myrtioe
1155 2541 1503 2624 Ancylionis
1547 2541 1686 2604 filioe
1729 2553 1792 2604 et
1829 2542 2140 2616 Sostratae,
2179 2542 2282 2622 qui
2323 2542 2411 2604 sic
2433 2563 2614 2605 meas

318 2655 544 2698 merces
570 2637 864 2718 perditum
891 2636 1089 2696 iveris.
1133 2635 1333 2697 Pau„
1418 2634 1730 2708 Ausculta,
1762 2634 2003 2703 mulierz
2059 2635 2322 2696 fabulam
2350 2636 2456 2697 tibi
2479 2636 2613 2697 volo

320 2749 557 2790 narrare
594 2729 872 2809 lepidam.
958 2729 1127 2788 Pau.
1173 2727 1265 2787 Ne
1306 2727 1447 2787 mihi
1488 2728 1726 2808 quidem
1767 2737 2024 2799 ecastor,
2062 2746 2101 2787 o
2143 2728 2323 2788 fatue.
2408 2726 2611 2790 Pau..

314 2824 601 2903 AEsopum
622 2842 660 2882 a
691 2841 861 2882 coena
882 2821 1225 2881 redeuntem
1254 2821 1481 2901 vesperi
1502 2821 1698 2880 audax
1719 2832 1782 2880 et
1801 2818 2130 2880 temulenta
2149 2820 2426 2899 quoedam
2445 2820 2615 2882 adla-

318 2916 495 2975 travit
522 2915 711 2974 canis.
775 2915 925 2974 Tum
953 2913 1052 2975 ille
1071 2913 1223 2972 dixit
1248 2933 1263 2972 ε
1314 2913 1567 2986 Ocanis,
1593 2915 1776 2986 canis,
1805 2915 2008 2994 utique
2028 2912 2238 2983 hercle,
2258 2914 2313 2972 εἰ
2325 2931 2444 2990 pro
2460 2913 2616 2976 mala
2706 2935 2712 2942 ·

320 3009 538 3090 lingua
554 3008 829 3070 aIIcunde
858 3009 1125 3069 triticum
1152 3025 1381 3076 emeres,
1408 3025 1610 3084 sapere
1637 3006 1782 3064 milti
1823 3005 2120 3068 videreris.
2206 3003 2374 3064 Pin.
2419 3005 2612 3067 Etiam

318 3102 555 3164 derides
584 3121 677 3162 me
700 3100 725 3160 ’ζ
782 3101 849 3160 In
869 3100 974 3180 jus
997 3111 1055 3159 te
1085 3117 1257 3171 voco,
1276 3096 1542 3179 quisquis
1569 3117 1658 3170 es,
1682 3098 1761 3158 ad
1791 3097 2044 3170 AEdiles,
2072 3099 2148 3158 ob
2171 3095 2376 3158 datum
2403 3097 2611 3161 merci·

326 3198 439 3258 bus
488 3197 639 3256 meis
694 3196 997 3268 damnum,
1046 3202 1257 3254 testem
1314 3191 1538 3251 habens
1583 3191 2078 3272 Choerephontem
2127 3191 2362 3256 istum..
2409 3190 2608 3253 Pau..

318 3289 479 3358 Quin
534 3288 731 3350 hercle
782 3287 980 3368 potius
1020 3284 1348 3357 auscultas,
1387 3283 1439 3344 si
1485 3283 1632 3365 quid
1672 3285 1774 3344 tibi
1823 3283 2022 3344 dicere
2073 3280 2360 3344 videbor?
2417 3283 2604 3344 Lasus

313 3383 459 3443 olim
484 3393 552 3442 et
574 3380 907 3442 Simonides
934 3377 1193 3440 carmine
1212 3379 1527 3439 certabant
1554 3398 1572 3439 ε
1602 3387 1724 3438 tum
1755 3376 1902 3438 dixit
1933 3377 2162 3446 Lasus;
2191 3373 2374 3438 Nihil
2393 3395 2608 3438 moror.

318 3475 489 3536 Pan.
540 3473 693 3546 Eho,
714 3472 931 3536 siccine
960 3471 1147 3534 vero?
1230 3471 1427 3532 Pmr..
1474 3471 1556 3531 At
1603 3482 1689 3544 tu,
1731 3469 2129 3550 Choereplion,
2173 3467 2344 3530 testis
2397 3468 2612 3536 adesse

314 3567 459 3628 mihi
516 3566 733 3628 videris
780 3564 1293 3636 mulieri.buxeae.
1344 3564 1515 3625 Inoni
1543 3563 1854 3644 ,pendenti
1913 3561 1996 3626 ad
2040 3561 2224 3642 pedes
2281 3560 2604 3641 Euripidis.

319 3651 527 3721 Bmir..
568 3659 693 3720 Sed
720 3679 925 3720 eccum
952 3657 1131 3718 alium
1156 3657 1363 3731 virum,
1396 3658 1521 3737 qui,
1549 3670 1616 3717 ut
1641 3656 1893 3730 videtur,
1931 3654 2051 3717 huc
2091 3655 2252 3716 venit
2293 3665 2352 3716 te
2391 3657 2608 3718 citatu-
2669 3645 2684 3660 ”

316 3773 457 3813 rna:
506 3752 789 3814 viatorem
820 3751 1021 3830 utique
1068 3769 1269 3812 secum
1299 3750 1485 3812 ducit.
1583 3750 1736 3810 Ace.
1782 3748 1837 3808 0
1867 3767 1961 3808 me
1987 3747 2315 3810 infelicem!
2360 3747 2608 3812 Postulo

314 3857 397 3918 te,
425 3864 466 3905 o
496 3866 680 3907 senex
712 3845 1069 3925 injuriarum.
1131 3845 1335 3906 Boea.
1368 3841 1761 3924 Injuriarum?
1801 3861 1898 3915 ne,
1930 3860 2033 3923 per
2061 3839 2210 3902 deos
2231 3843 2501 3913 obsecro,
2531 3862 2606 3904 ne

318 3938 471 3999 cites
513 3959 691 4000 eum:
742 3956 856 4018 ego
896 3936 1051 3999 enim
1094 3957 1201 4016 pro
1242 3938 1344 3998 illo
1382 3955 1616 4016 poenam
1657 3936 1762 3997 tibi
1801 3934 2154 4016 persolvam,
2193 3951 2605 4015 quamcunque

316 4031 620 4105 statueris,
648 4040 711 4091 et
734 4030 985 4112 gratiam
1014 4028 1253 4109 insuper
1291 4029 1542 4091 habebo.
1627 4030 1824 4090 Prin..
1869 4027 2162 4108 Equidem
2201 4047 2338 4088 cum
2378 4027 2508 4107 ipso
2547 4029 2609 4090 in

315 4125 567 4204 gratiam
596 4123 803 4185 redibo
833 4122 1006 4182 ultro.
1092 4123 1301 4184 Fateor
1344 4121 1499 4182 enim
1526 4141 1662 4184 eum
1687 4142 1726 4183 a
1751 4141 1846 4181 me
1873 4122 2266 4192 verberatum,
2293 4129 2356 4183 et
2395 4119 2608 4200 lapidi-

320 4219 433 4277 bus
462 4219 793 4297 impetitum
822 4217 1027 4277 fuisse.
1112 4215 1233 4276 Sed
1262 4213 1479 4276 accede
1511 4213 1628 4276 huc
1656 4215 1854 4294 prius:
1891 4213 2254 4295 permittisne
2283 4233 2416 4275 meo
2455 4214 2611 4276 arbi-

316 4311 451 4384 trio,
480 4323 549 4371 nt
576 4310 783 4391 quanti
812 4308 1079 4390 injuriam
1100 4308 1495 4380 aestimavero,
1539 4318 1768 4368 tantum
1809 4307 1916 4368 tibi
1955 4308 2184 4386 argenti
2227 4303 2504 4386 pendam,
2547 4318 2610 4366 et

314 4403 545 4465 amicus
572 4404 857 4483 deinceps
882 4413 1022 4463 tuus
1052 4402 1183 4474 sim,
1212 4421 1288 4462 an
1316 4401 1444 4482 ipse
1469 4399 1778 4474 indicabis,
1807 4411 2096 4480 quantum
2121 4398 2226 4460 tibi
2255 4397 2384 4458 dari
2412 4396 2558 4460 velis
2577 4396 2606 4456 3

318 4495 473 4560 Ace.
518 4495 635 4556 Dic
650 4507 715 4558 tu
744 4495 957 4565 modo;
988 4494 1288 4560 narri‘lites
1319 4494 1532 4578 fugito,
1553 4493 1856 4574 otiumque
1876 4502 2090 4556 sector.
2175 4491 2374 4554 Pnu..
2417 4490 2605 4569 Syba-
