3059 5059
292 354 647 433 862-920]
1137 394 1148 403 .
1308 354 1433 416 eA
1452 356 1620 419 NAE.
2469 366 2588 426 ω

293 482 549 558 videtur,
569 484 635 546 in
661 484 949 557 versibus,
976 483 1035 545 in
1064 483 1311 559 melicis,
1332 486 1736 567 intragoediae„
1754 487 1972 569 nervis,
1995 488 2594 569 etmeherclejnPe-

294 577 411 651 leo,
437 586 499 637 et
524 576 717 649 AEolo,
744 589 805 639 et
828 577 1159 657 Meleagro,
1178 578 1355 643 immo
1383 580 1560 642 etiam
1603 581 1662 639 in
1690 579 1824 659 ipso
1845 580 2128 662 Telepho.
2161 634 2170 641 .
2209 584 2456 647 Baecu-
2497 584 2594 646 Tu

296 690 435 731 vero
456 670 604 751 quid
628 670 855 751 cogitas
884 670 1122 733 facere?
1150 670 1247 731 dic
1267 670 1565 750 AEschyle.
1624 675 1841 735 AEscn.
1868 674 2207 737 ,Voluissem
2226 677 2466 759 quidem
2491 676 2594 743 bic

294 783 417 825 non
446 763 851 825 contendere:
881 783 1019 825 nam
1041 783 1111 823 ex
1141 782 1317 843 aequo
1337 764 1511 823 nobis
1534 782 1652 823 non
1681 775 1776 825 est
1795 776 2116 827 certamen.
2155 769 2404 845 Rauen.
2427 768 2592 849 Quid

294 856 380 921 ita
399 855 427 914 ’ἒ
468 858 690 919 AEscn.
708 855 867 924 Quia
888 876 1024 916 mea
1043 855 1239 936 po'esis
1258 876 1489 917 mecum
1514 876 1634 915 non
1654 856 1906 919 interiit:
1936 878 2072 938 quae
2093 869 2290 921 autem
2312 862 2452 923 fecit
2469 861 2594 935 ille,

300 968 437 1011 cum
458 967 534 1009 eo
552 949 843 1021 interiere,
872 948 955 1009 ita
983 959 1050 1008 ut
1070 969 1205 1028 quae
1234 948 1399 1009 dicat
1424 949 1730 1009 habiturus
1760 950 1858 1011 sit.
1913 950 2158 1025 Tamen,
2183 954 2461 1032 quoniam
2489 953 2596 1015 tibi

298 1041 558 1115 videtur,
586 1062 716 1103 mos
748 1040 849 1101 tibi
878 1041 1176 1121 gerendus
1206 1051 1317 1101 est.
1402 1042 1650 1107 Bacca.
1687 1042 1960 1123 Agedum
1982 1042 2120 1103 thus
2147 1044 2358 1124 aliquis
2387 1045 2504 1115 hue
2530 1055 2596 1107 et

300 1134 503 1215 ignem
532 1134 675 1194 mihi
704 1132 825 1206 det,
869 1143 959 1206 ut,
1006 1144 1323 1213 antequam
1364 1134 1427 1193 hi
1472 1146 1840 1214 arg-utentur,
1885 1156 2088 1215 preces
2127 1139 2488 1217 concipiam..
2521 1147 2598 1203 nt

300 1242 603 1299 certamen
628 1230 783 1291 istuc
812 1249 989 1309 quam
1029 1229 1339 1292 scitissime
1392 1230 1684 1294 deeidam'.
1766 1232 1892 1293 Vos
1938 1254 2084 1295 vero
2120 1234 2312 1295 Musis
2349 1218 2599 1305 carmen.

304 1324 551 1404 aliquod
572 1325 843 1387 accinite.
930 1324 1145 1385 Cnoa.
1186 1322 1355 1383 Jovis
1382 1343 1418 1383 ο
1444 1343 1655 1383 novem
1683 1324 1822 1387 filiae
1849 1326 2120 1405 virgines,
2147 1336 2333 1388 eastoe
2373 1328 2596 1407 Musa.

302 1438 439 1497 quoe
462 1416 711 1478 subtiles
736 1416 795 1478 in
827 1414 1174 1477 disserendo
1202 1414 1507 1497 adspicitis
1539 1416 1784 1485 solertes
1811 1428 2043 1479 mentes
2064 1421 2316 1482 virorum
2355 1430 2598 1499 senten-

302 1510 419 1571 tias
468 1508 946 1591 procudentium,
988 1508 1285 1589 siquando
1312 1509 1373 1569 in
1404 1529 1643 1571 arenam
1670 1530 1806 1570 cum
1855 1512 1978 1572 suis
2026 1522 2200 1575 acute
2243 1511 2596 1593 excogitatis

300 1601 675 1664 descendant
720 1602 1092 1682 versutisque
1144 1603 1366 1663 artibus
1415 1602 1764 1675 luctatoriis,
1820 1604 2282 1666 contradicendo
2325 1604 2478 1667 inter
2529 1623 2600 1665 se

302 1695 583 1757 certaturi
600 1716 618 1766 ς
678 1695 884 1756 adeste
912 1695 1269 1775 inspecturus
1319 1694 1433 1755 vim
1490 1695 1764 1759 duorum.
1797 1697 2350 1758 facundissimorum
2391 1714 2596 1759 orum:

304 1788 569 1867 proebete
618 1800 817 1851 autem
859 1788 1061 1860 verba,
1106 1798 1167 1847 et
1212 1788 1483 1849 subtilem
1510 1824 1517 1831 ·
1541 1790 1780 1849 scobem
1831 1809 2128 1850 versuum.
2211 1789 2601 1849 Nune..enim

308 1898 593 1960 maguum
636 1880 783 1940 illud
832 1881 1139 1962 sapientiae
1181 1895 1476 1943 certamen
1518 1882 1740 1961 incipit.
1823 1880 2074 1943 Bacca.
2113 1881 2438 1943 Precamini
2469 1881 2601 1961 jam

304 1991 410 2033 vos
438 1974 621 2033 etiam
648 1972 894 2053 aliquid,
924 1974 1264 2054 priusquam
1292 1994 1496 2035 versus
1524 1975 1802 2035 recitetis.
1885 1977 2100 2037 AEscn.
2123 1974 2199 2034 .0
2227 1975 2434 2049 Ceres,
2459 1994 2600 2055 qum

309 2082 505 2127 meam
529 2075 786 2127 mentem
809 2066 1027 2140 aluisti,
1055 2067 1223 2127 effice
1250 2086 1345 2127 me
1368 2066 1617 2149 dignum
1643 2069 1758 2129 tuis
1801 2068 2116 2148 mysteriis.
2199 2068 2451 2130 Bacca.
2503 2069 2602 2131 Tu

308 2158 489 2219 etiam
516 2179 683 2243 sume·
702 2158 842 2221 thus
871 2170 930 2221 et
958 2158 1017 2219 in
1042 2159 1240 2240 ignem
1264 2159 1426 2222 inde.
1511 2161 1678 2222 Eun.
1722 2160 1928 2221 Recte.
2013 2162 2170 2222 Sunt
2191 2162 2345 2221 enim
2373 2160 2474 2221 alii
2494 2159 2602 2234 dii,

310 2270 464 2331 qnos
494 2271 611 2332 ego
636 2253 872 2313 invoco.
955 2252 1211 2315 Bacca.
1238 2252 1652 2315 Peculiaresne
1681 2254 1943 2333 quipiam
1962 2254 2092 2328 tibi,
2117 2264 2181 2313 et
2203 2272 2376 2318 novae
2402 2251 2602 2314 notse'i

310 2343 489 2405 Eun.
530 2344 891 2405 Admodum.
971 2345 1225 2407 Bacca.
1264 2346 1395 2425 Age
1424 2366 1590 2427 ergo,
1632 2346 1846 2405 invoca
1891 2346 2219 2425 peculiares
2255 2356 2390 2407 tuos
2435 2344 2602 2407 deos.

314 2436 488 2496 Eun.
515 2436 739 2509 AEther,
766 2455 961 2497 meum
982 2439 1285 2516 pabulum,
1312 2451 1373 2498 et
1395 2437 1622 2517 linguae
1637 2436 1998 2509 volubilitas,
2018 2446 2082 2507 et
2105 2433 2512 2519 intelligentia,
2541 2449 2607 2499 et

312 2546 491 2589 nares
540 2527 889 2601 olfactoriae‚
941 2528 1185 2590 adnuite
1232 2542 1301 2590 ut
1338 2540 1498 2591 recte
1536 2528 1886 2607 redarguam
1941 2529 2122 2605 dicta,
2175 2550 2312 2610 quse
2365 2549 2606 2611 carpere

310 2620 649 2701 aggrediar.
720 2621 947 2687 cnon.
1009 2621 1088 2681 Et
1140 2641 1249 2683 nos
1304 2622 1545 2703 quidem
1601 2640 1842 2684 avemus
1909 2642 2000 2683 ex.
2049 2623 2188 2683 viria
2211 2675 2220 2685 .
2241 2623 2608 2703 sapientibus

311 2714 518 2778 audire
537 2732 839 2774 sermones
867 2712 1101 2793 aliquos
1128 2715 1421 2775 concinne
1447 2713 1805 2787 modulatos,
1834 2712 2128 2793 doctoque
2171 2713 2384 2775 adesse
2422 2726 2610 2791 certa-

311 2806 476 2867 mini.
563 2803 797 2866 Etenim
823 2804 1033 2885 lingua
1060 2824 1263 2865 eorum
1291 2803 1522 2865 efferari
1550 2806 1749 2886 etrapit,
1777 2807 2128 2885 animusque
2167 2806 2329 2867 haud
2354 2806 2605 2885 ignavus

314 2898 607 2965 ambobus
632 2906 749 2969 est,
777 2917 889 2958 nec
907 2898 1079 2978 pigra
1106 2916 1295 2959 mens.
1378 2897 1496 2958 Par
1543 2909 1640 2960 est
1677 2898 1855 2980 igitur
1895 2911 1966 2959 ut
2011 2918 2311 2981 speremus
2359 2898 2608 2985 alterum

312 2991 557 3073 quidem
578 2990 802 3077 aliquid
832 2991 1039 3051 urbani
1067 3000 1129 3051 et
1154 2990 1341 3051 limati
1366 2990 1690 3052 dicturum:
1746 2992 1991 3051 alterum
2017 3002 2229 3053 autem
2270 2990 2608 3064 convellen-

314 3096 437 3147 tem
481 3082 656 3158 illud,
699 3082 1023 3164 grandibus
1050 3084 1239 3147 verbis
1268 3084 1544 3145 irruendo
1581 3083 2000 3164 dissipaturum
2037 3083 2256 3147 multas
2277 3086 2608 3161 ,verborum

314 3177 521 3239 tricas.
549 3176 806 3238 Bacen-
827 3176 947 3237 Sed
961 3177 1129 3239 ocius
1148 3188 1380 3259 oportet
1395 3178 1690 3238 orationes
1709 3178 1982 3256 incipere,
2000 3176 2086 3237 ita
2101 3188 2295 3239 tamen
2312 3188 2379 3239 ut
2387 3177 2607 3259 ‚dicatis

314 3272 579 3343 urbana,
598 3279 661 3329 et
685 3289 799 3330 nec
824 3270 1136 3350 imagines,
1164 3290 1276 3335 nec
1303 3270 1505 3351 qualia
1527 3270 1719 3351 possit
1743 3270 1894 3331 alius
1918 3270 2156 3335 dicere..
2215 3271 2382 3335 Eua.
2423 3270 2606 3351 Equi-
2653 3336 2659 3349 ,

314 3362 453 3425 dem
473 3362 553 3425 de
572 3382 669 3423 me
690 3363 843 3443 ipso,
868 3363 1061 3442 qualis
1089 3371 1266 3444 po‘eta
1286 3364 1398 3424 sim
1428 3362 1621 3425 dicam
1647 3372 1942 3443 postremo
1969 3362 2144 3423 loco:
2199 3363 2398 3442 prim0,
2409 3374 2608 3425 autem

314 3456 634 3519 ostendam
665 3454 827 3517 bunc
870 3457 1053 3519 fuisse
1091 3457 1444 3537 jactatorem
1488 3466 1552 3516 et
1595 3458 1994 3535 impostorem,
2047 3454 2378 3536 quibusque
2417 3457 2608 3530 ‚rebus

318 3559 697 3632 spectatores,
718 3547 1038 3629 deceperit,
1063 3569 1213 3630 quos
1240 3550 1435 3611 fatuos
1464 3560 1793 3629 acceperat,
1818 3547 1978 3628 apud
2016 3547 2429 3628 Phrynichum„
2461 3549 2612 3629 edu-

319 3654 513 3707 entes.
625 3640 825 3701 Primo
877 3642 1033 3703 enim
1084 3662 1269 3703 unum
1318 3641 1640 3723 quemlibet
1689 3640 1892 3703 sedere
1948 3642 2212 3707 faciebat.
2233 3642 2610 3717 ..obvelatum

321 3733 811 3806 Achillemforte,
838 3744 943 3795 aut
964 3734 1241 3809 Niobam,
1271 3735 1483 3797 faciem
1532 3734 1658 3815 ejus
1699 3752 1819 3795 non
1867 3734 2212 3809 ostendens,
2258 3746 2612 3817 proetextum

319 3827 650 3909 tragoedioe,
678 3844 787 3885 nec
813 3827 1109 3890 tantillum
1132 3827 1471 3891 mutientes.
1551 3828 1803 3889 Bacen-
1847 3828 1984 3889 Non
2029 3828 2228 3891 hercle
2269 3829 2610 3915 quicquam.

324 3920 491 3982 Eun.
537 3920 772 3982 Chorus
818 3932 1015 3983 autem
1057 3921 1398 4001 protrudere
1448 3921 1680 3983 solebat
1717 3922 1914 3983 series.
1937 3921 2260 3983 carminum
2298 3924 2613 3994 continuas

325 4022 613 4094 quatuor-2
659 4027 725 4075 at
749 4013 832 4076 illi
858 4013 1131 4077 silebant.
1214 4016 1471 4077 Bacen-
1504 4014 1814 4097 ‚Egoaeero
1837 4013 2174 4093 gaudebam
2201 4014 2614 4091 hoc-silentio,

325 4118 513 4167 etms
554 4104 703 4169 illud
756 4107 1095 4169 delectabat
1137 4128 1257 4168 non
1300 4109 1517 4181 minus,
1569 4127 1748 4187 quam
1795 4106 1845 4167 si
1889 4106 1992 4186 qui
2043 4106 2222 4169 bodie
2277 4097 2614 4189 loquantur.

328 4200 500 4263 Eun.
542 4201 813 4263 Stolidus
840 4201 999 4262 enim
1026 4220 1157 4261 eras
1182 4220 1199 4261 ι
1248 4202 1403 4263 scias
1430 4201 1546 4263 hoc
1576 4199 1786 4263 velim..
1851 4199 2101 4262 Bacca.
2135 4201 2212 4261 Et
2237 4199 2617 4283 mihimetipsi

321 4294 549 4359 videor.
616 4296 757 4357 ‚Cur
785 4304 983 4356 autem
1006 4294 1123 4354 hoo
1148 4294 1405 4355 faciebat
1422 4292 1566 4355 ille?
1622 4292 1789 4357 Eua.
1820 4291 2048 4373 Nempe
2076 4314 2150 4355 ex
2197 4295 2612 4366 ostentatione,

312 4396 392 4457 dut
418 4386 982 4470 spectator-,sederet
1010 4396 1388 4469 exspectans,
1427 4384 1672 4468 quando
1714 4386 1912 4448 Nioba
1951 4386 2289 4465 loqueretur
2335 4386 2612 4449 tandemz
