3059 5059
301 356 675 437 sss—431]
1127 354 1792 419 ιιειηετιιιτᾼ
2491 366 2604 427 173

302 486 437 551 Non
462 499 565 550 est
590 486 879 571 Euripide
900 488 1081 569 poeta
1106 488 1446 571 sapientior.
1510 488 1760 550 Nullum
1785 488 1944 549 enim
1971 489 2190 553 animal
2213 476 2398 575 oe'que
2413 478 2603 579 impu-

299 578 445 653 dens
473 592 592 658 est,
618 591 801 662 atque
828 580 1127 643 mulieres.
1212 580 1978 643 Cnon.Mo1.'l'ollamus
2005 602 2115 644 nos
2157 604 2330 665 aquae
2369 606 2606 662 urnam,

296 692 335 735 ο
356 673 1342 757 Rh'odippe.Cnon.Sr.1t.Cur
1368 686 1457 749 ιιι,
1503 694 1543 735 o
1595 674 1710 735 diis
1761 675 1975 749 invisa,
2021 677 2142 737 hnc
2196 678 2410 740 venisti
2465 698 2604 743 cum

297 766 499 849 aqua?
586 768 805 829 cnon.
820 768 1015 828 Mur..
1045 769 1137 831 Tu
1165 787 1308 830 vero
1328 788 1433 830 cur
1458 788 1598 829 cum
1625 768 1785 849 igne,
1815 786 2000 829 senex
2026 770 2422 834 Acheruntice
2443 773 2472 833 ’ἐ
2521 786 2602 834 a'n

298 868 363 921 ut
388 859 651 943 teipsum
682 860 1165 922 combusturus2-
1227 863 1444 923 Onon.
1470 862 1632 923 δικ.
1677 863 1829 943 Ego,
1857 872 1928 923 ut
1955 872 2208 944 aggesta
2225 882 2372 947 pyra
2398 867 2603 928 incen-

296 952 430 1015 dam
480 965 619 1015 tuas
670 954 911 1016 amicas.
980 955 1211 1015 cnon.
1260 955 1444 1017 Mun.
1490 955 1622 1035 Ego
1671 974 1837 1030 vero,
1893 968 1960 1017 ut
2015 968 2178 1017 tuam
2227 977 2434 1039 pyram
2487 960 2604 1021 ista

296 1045 661 1128 restinguam
690 1066 867 1127 aqua.
890 1049 1131 1123 Cnort.
1160 1049 1318 1109 Sur.
1341 1049 1434 1108 Tu
1460 1067 1658 1109 meum
1687 1049 1886 1129 ignem
1915 1042 2252 1131 restinguas
2273 1051 2302 1110 2
2381 1053 2605 1115 Onon.

298 1138 483 1201 Μσι..
512 1140 639 1201 Res
665 1140 801 1221 ipsa
826 1142 967 1202 mox'
984 1140 1290 1204 indicabit.
1376 1143 1594 1203 Onon..
1625 1142 1785 1204 Smt.
1816 1143 2051 1215 Nescis,
2081 1163 2158 1204 au
2186 1144 2303 1205 ista
2324 1144 2604 1225 lampade

295 1252 431 1294 mox
458 1233 851 1295 teustulem?
936 1236 1154 1297 Onon.
1176 1234 1457 1296 Mun.'Si
1482 1236 1636 1297 forte
1673 1236 1882 1297 sordes
1929 1236 2138 1311 habes,
2178 1236 2457 1299 balneum
2498 1238 2604 1300 tibi

294 1328 597 1408 praebebo.
681 1327 900 1390 Onon.
931 1328 1205 1392 Smtssl'u
1230 1328 1720 1403 mibi-balneum,
1763 1328 2074 1389 obsoleta?
2158 1332 2375 1392 cnon.
2417 1331 2604 1393 Μιιῐ..

302 1421 377 1483 Et
398 1422 646 1503 quidem
674 1422 965 1503 nuptiale.
1051 1423 1269 1484 Onon.
1300 1422 1460 1482 San.
1488 1422 1790 1484 Audistin’-
1815 1422 1948 1503 ejus
1974 1422 2323 1485 audaciam?
2382 1424 2602 1486 Onon.

298 1516 479 1578 Μσι..
512 1517 830 1578 Enimvero
857 1516 1042 1578 libera
1066 1536 1226 1576 sum.
1309 1517 1528 1577 Onon.
1559 1516 1715 1577 Suu.
1763 1516 2100 1596 Repu-imam
2142 1536 2257 1597 ego
2295 1518 2402 1579 tibi
2442 1506 2604 1579 hunc
2735 1543 2742 1554 ·

295 1608 637 1672 clamorem.
719 1612 937 1673 Cnos-
969 1611 1154 1694 Mun.
1188 1608 1309 1669 Sed
1338 1628 1459 1671 non
1490 1610 1746 1690 amplius
1767 1609 1957 1689 judex
1983 1610 2044 1669 in
2075 1608 2305 1671 Helioea
2345 1610 2604 1673 sedebis.

298 1704 521 1766 Cnon.
548 1704 711 1767 Suu.
732 1702 994 1765 Incende
1016 1722 1217 1765 comas
1239 1702 1390 1783 ejus.
1460 1704 1694 1764 cnon..
1726 1703 1908 1763 Mur..
1936 1703 2084 1763 Tuae
2127 1714 2268 1764 sunt
2305 1714 2528 1784 partes,
2563 1722 2604 1763 o

296 1797 583 1861 Acheloe.
670 1800 886 1860 Onon.
913 1798 1072 1861 Ssu.
1110 1798 1215 1857 Vae
1236 1796 1463 1859 misero
1476 1796 1660 1857 mihi!
1746 1797 1964 1858 Onon.
1993 1795 2178 1857 Mur..
2206 1796 2367 1857 Num
2406 1795 2606 1858 calida

295 1890 465 1952 erat?
576 1894 796 1954 Onon.
848 1892 1009 1953 Smt.
1063 1889 1222 1961 Quid
1278 1889 1525 1950 calida?
1597 1910 1796 1953 noune
1843 1888 2080 1953 desines
2103 1891 2132 1949 ’ξ
2211 1890 2356 1971 quid
2411 1888 2607 1951 facis?

302 1984 522 2047 Onon.
566 1985 749 2046 Mun.
780 1984 967 2065 Irrigo
996 1994 1076 2059 te,
1104 1994 1175 2045 ιιι
1202 1984 1583 2065 reg-ermines.
1666 1984 1884 2045 Onon.
1913 1984 2072 2043 San.
2105 1982 2228 2045 Sed
2255 1984 2456 2045 aridus
2475 1984 2606 2065 jam

296 2088 523 2139 sumet
546 2078 857 2140 tremulus.
923 2078 1137 2140 Onon.
1164 2078 1345 2139 Mur..
1377 2077 1612 2158 Itaque,
1639 2096 1819 2157 quum
1847 2075 2048 2157 ignem
2076 2076 2319 2149 habeas,
2348 2077 2602 2158 teipsum

298 2172 643 2253 tepefacies.
727 2170 937 2233 Pnov.
966 2172 1153 2234 Satin'
1178 2170 1419 2233 emicuit
1446 2170 1756 2231 mulierum
1784 2170 2038 2240 luxuria,
2081 2183 2142 2233 et
2191 2160 2606 2253 tympanorum
2633 2222 2640 2233 .

296 2264 583 2346 pulsatio,
609 2278 671 2326 et
690 2266 1031 2346 frequentes
1057 2264 1515 2338 Bacchatioues,
1544 2274 1607 2325 et
1639 2262 1744 2324 illa
1789 2265 1850 2323 in
1897 2264 2116 2327 sedium
2151 2265 2326 2327 tectis
2370 2265 2609 2327 Adonia

297 2357 723 2419 celebrantium
750 2358 1030 2432 lamenta,
1051 2378 1189 2439 quae
1218 2378 1355 2438 ego,
1384 2376 1570 2437 quum
1598 2376 1792 2419 essem
1819 2357 1881 2417 in
1899 2357 2208 2433 concione,-
2247 2355 2608 2419 audiebam?

300 2450 722 2528 Demostratus
750 2451 931 2525 enim,
959 2452 1175 2533 dignus
1205 2451 1305 2511 ille
1330 2450 1534 2513 hercle
1569 2450 1670 2532 qui
1711 2450 1866 2511 male
1907 2460 2135 2532 pereat,
2177 2450 2414 2513 dicebat
2443 2451 2607 2513 navi·
2631 2483 2638 2493 ·

300 2542 569 2625 gaudum
604 2564 741 2606 esse
762 2544 840 2605 in
884 2534 1183 2605 Siciliam:
1226 2544 1437 2604 mulier
1478 2555 1678 2605 autem
1707 2544 2060 2627 tripudians,
2086 2546 2202 2619 1ιεί,
2228 2544 2346 2633 1ιεί,
2374 2546 2606 2621 Adoni,

296 2637 513 2719 inquit.
578 2638 763 2699 Porro
802 2638 1221 2698 Demostratus
1244 2638 1483 2698 dicebat
1503 2637 1720 2698 milites
1745 2637 1940 2716 gravis
1966 2648 2278 2699 armaturae
2303 2658 2437 2699 esse
2459 2656 2606 2701 con-

298 2729 649 2793 scribendos
676 2750 711 2792 e
739 2730 1083 2810 Zacyntho:
1132 2730 1345 2791 mulier
1382 2740 1583 2792 autem
1630 2732 1690 2790 in
1725 2742 1886 2793 tecto
1931 2732 2279 2805 temulenta,
2313 2732 2609 2815 Plongt‘te

303 2824 580 2900 Adonin,
624 2824 726 2886 uit.
815 2825 1045 2885 Contra
1090 2824 1253 2885 omni
1310 2822 1511 2884 studio
1565 2825 1898 2885 enitebatur
1952 2825 2066 2885 diis
2123 2824 2350 2885 invisus
2397 2825 2500 2885 ille
2547 2836 2608 2889 et

300 2919 599 2981 scelestus
628 2918 1025 2999 Cholozyges.
1093 2918 1277 2978 Tales
1304 2936 1505 2978 earum
1538 2914 1679 2977 sunt
1701 2918 1978 2977 obscenae
2005 2917 2343 2978 cantilenae.
2387 2919 2604 2981 Onon.

302 3011 464 3073 Sim.
495 3010 683 3086 Quid,
726 3011 777 3072 si
816 3010 1267 3093 audiasharum
1305 3009 1722 3072 insolentiam?
1772 3026 1910 3090 quae
1958 3021 2084 3071 tum
2123 3011 2257 3074 aliis
2299 3019 2609 3073 contume-

300 3102 395 3165 liis
416 3124 531 3167 uos
561 3105 929 3178 adfecerunt,
954 3114 1081 3165 tum
1107 3105 1282 3166 etiam
1304 3104 1509 3165 effusis
1541 3103 1706 3165 urnis
1729 3124 1841 3165 nos
1863 3105 2155 3178 lavarunt,
2181 3105 2267 3165 ita
2303 3114 2376 3165 ut
2408 3114 2606 3167 vestes

302 3198 477 3261 nobis
517 3198 859 3281 quatien'dae
902 3199 1371 3278 sintstanquam
1421 3196 1474 3258 si
1528 3196 2046 3260 imminxissemus.
2131 3198 2336 3260 Pnov.
2385 3198 2607 3261 Merito

303 3310 473 3368 sane,
499 3292 589 3353 ita
614 3312 709 3355 me
752 3292 1071 3375 Neptunus
1104 3302 1279 3353 ‚amet
1325 3290 1612 3353 marinus.
1696 3292 1896 3361 Quum
1937 3292 2095 3352 enim
2143 3310 2252 3352 nos
2302 3290 2606 3371 adjutores

302 3385 491 3447 simus
540 3385 825 3467 nequitiae
872 3384 1204 3467 mulierum,
1220 3404 1483 3466 ‘easque
1530 3384 1823 3445 luxuriam
1867 3384 2212 3457 doceamus,
2267 3383 2606 3464 hujusmodi
2655 3441 2660 3452 ‚

301 3489 637 3543 nascuntur
680 3478 904 3539 abillis
922 3478 1191 3539 consilia.
1244 3478 1397 3549 Qui
1420 3478 1571 3538 talia
1607 3477 1863 3540 dicimus
1907 3478 1965 3537 in
2009 3477 2263 3539 officinis
2291 3476 2606 3559 opificum

310 3575 365 3633 0
395 3572 656 3652 aurifex,
682 3574 921 3645 monili,
938 3571 1521 3657 quodsafflcamas
1547 3574 1724 3633 ωσι-ι’
1749 3590 1911 3646 meae,
1940 3571 2082 3635 dum
2105 3592 2174 3632 ea
2221 3571 2456 3649 vespm
2489 3569 2610 3632 sal-

302 3666 497 3738 tabat,
520 3666 707 3747 glans
730 3666 953 3731 excidit
990 3686 1059 3727 ex
1089 3665 1438 3746 foramine,-
1492 3666 1644 3726 milui
1683 3666 1918 3749 quidem
1963 3660 2371 3746 navigandum
2404 3669 2492 3724 est
2540 3649 2608 3726 ἰιὶ
2695 3690 2700 3699 ·

305 3758 701 3823 &haime
752 3767 821 3821 tu
848 3769 1065 3832 autem,
1087 3762 1142 3820 si
1166 3764 1357 3833 baed,
1385 3762 1590 3840 quovis
1602 3767 1786 3842 pacto
1826 3761 1984 3820 circa
2023 3776 2314 3838 vesperam
2354 3757 2506 3829 veni,
2546 3764 2606 3817 et

303 3854 359 3913 ei
378 3852 666 3935 glandem
692 3853 939 3935 inseras.
1022 3854 1209 3914 Porro
1265 3852 1416 3914 alius
1476 3853 1772 3933 quispiam
1826 3852 1956 3913 haec
2005 3851 2082 3912 ad
2131 3862 2388 3913 sutorem
2441 3850 2609 3926 dicit,

292 3946 606 4029 juvenem,
632 3955 696 4007 et
721 3947 823 4027 qui
876 3966 1093 4028 penem
1146 3947 1329 4011 habet
1380 3946 1850 4027 haudquaquam
1898 3944 2218 4026 puerilem:
2309 3947 2362 4004 Ο
2415 3951 2634 4016 sutor,

302 4042 517 4101 uxoris
546 4060 691 4101 mae
708 4040 883 4120 pedis
908 4038 1238 4121 dig-iculum
1262 4042 1481 4121 premit
1508 4040 1799 4121 corrigia,
1847 4046 2054 4120 utpote
2091 4038 2364 4102 tenellum
2385 4058 2408 4099 .·
2455 4038 2614 4100 Ιιαιιο

306 4135 507 4214 itaque
536 4140 605 4194 tu
632 4133 875 4194 meridie
898 4136 1151 4208 veniens,
1180 4134 1335 4209 laxa,
1364 4143 1434 4195 ιιι
1475 4132 1814 4214 latior-fiat.
1896 4132 2066 4194 Talia
2093 4152 2166 4194 ex
2207 4134 2340 4193 istis
2373 4132 2609 4193 evenire

306 4226 529 4299 solent,
569 4225 863 4306 siquidem
891 4246 1027 4307 ego,
1055 4229 1159 4307 qui
1188 4226 1463 4288 Provisor
1492 4247 1648 4302 sum,
1673 4246 1856 4307 quum
1884 4244 2063 4299 nunc,
2093 4226 2334 4306 scriptis
2375 4226 2608 4305 remigi-

304 4320 445 4393 bus,
476 4320 733 4399 pecunia
757 4338 909 4402 opus
938 4322 1043 4395 sit,
1060 4321 1247 4401 portis
1275 4318 1562 4384 excludor
1579 4340 1614 4381 a
1640 4320 2001 4381 mulieribus.
2067 4320 2188 4381 Sed
2215 4319 2360 4380 nihil
2401 4319 2614 4399 prode·

302 4410 383 4476 rit
406 4412 487 4474 ad
524 4411 685 4475 hunc
734 4413 980 4475 modum
1018 4414 1296 4477 stetisse:
1348 4414 1501 4477 cedo
1549 4424 1770 4488 vectes,
1811 4427 1882 4475 ut
1915 4414 2148 4475 illarum
2187 4412 2608 4474 contumeliam

300 4504 641 4569 retundam.
684 4508 845 4577 Quid
866 4510 1267 4589 obstupescis,
1297 4508 1515 4573 miser?
1553 4508 1644 4568 Tu
1668 4510 1866 4584 etiam,
1891 4526 2014 4589 quo
2041 4506 2307 4589 respicis,
2335 4505 2438 4586 qui
2461 4504 2606 4565 nihil

294 4610 514 4679 praeter
540 4618 873 4683 cauponam
902 4613 1165 4685 spectas,
1193 4622 1393 4670 nonne
1423 4602 1678 4670 admotis
1697 4602 1776 4666 ad
1796 4612 2000 4684 portas
2019 4601 2285 4665 vectibus
2307 4614 2412 4663 eas
2433 4597 2610 4661 istinc
