3059 5059
516 330 593 389 88
1232 323 2037 387 ARISTOPHANIS
2373 324 2782 409 [1054-1120

514 456 659 538 quid
686 456 823 517 novi
846 456 1039 519 dicere
1066 466 1127 519 et
1152 456 1437 529 invenire,
1460 457 1652 535 magis
1679 466 1870 517 amate
1895 464 1960 516 et
1983 454 2180 526 colite,
2211 462 2386 533 atque
2419 472 2622 514 eorum
2659 472 2786 513 sen-

513 549 730 611 tentias
760 560 987 611 servate
1012 560 1075 611 et
1098 549 1399 611 recondite
1427 549 1487 607 in
1510 568 1680 609 arcas
1708 568 1840 609 cum
1871 548 2082 628 pomis.
2151 548 2304 607 Hoec
2327 547 2380 607 si
2403 545 2648 617 facietis,
2669 554 2786 606 toto

511 661 671 703 anno
697 644 865 703 vobis
894 656 1086 704 vestes
1114 642 1463 703 redolebunt
1491 642 1920 701 dexteritatem.
2005 642 2166 700 Sam.
2211 641 2265 700 Ο
2297 660 2406 699 nos
2433 640 2574 699 olim
2615 639 2782 699 fortes

510 736 573 795 in
601 736 819 810 choris,
848 737 1027 797 fortes
1054 736 1113 794 in
1145 734 1383 815 proeliis,
1417 736 1495 795 ob
1535 734 1718 813 idque¹
1757 732 1946 793 solum
1987 733 2095 793 viri
2137 732 2596 813 pugnacissimi!
2641 730 2786 791 Olim

510 827 645 889 hoec
673 839 861 901 erant,
895 827 1075 889 olim:
1132 846 1292 887 nunc
1332 837 1532 887 autem
1575 828 1894 906 perierunt,
1935 836 1998 885 et
2035 846 2226 907 cycno
2256 826 2384 904 jam
2423 822 2786 885 candidiores

512 922 893 983 efflorescunt
912 920 973 981 hi
1000 922 1171 982 nobis
1198 918 1417 999 capilli.
1482 918 1603 979 Sed
1628 938 1702 979 ex
1731 918 1862 979 istis
1882 918 2060 980 etiam
2090 918 2352 999 reliquiis
2374 925 2610 997 oportet
2625 918 2788 975 robur

511 1010 819 1073 adsumere
837 1012 1121 1093 juvenile.
1202 1014 1331 1091 Ego
1358 1032 1554 1071 meum
1582 1013 1812 1071 senium
1837 1012 2220 1092 praestantius
2252 1030 2388 1072 esse
2413 1020 2564 1090 puto
2585 1009 2786 1069 multo-

508 1126 641 1167 rum
666 1106 1105 1167 adolescentum
1137 1105 1427 1166 cincinnis
1457 1116 1518 1165 et
1547 1115 1758 1165 ornatu
1784 1115 1847 1167 et
1867 1104 2256 1185 impudicitia.
2320 1104 2540 1163 Onon.
2573 1102 2636 1161 Si
2661 1101 2783 1181 quis

508 1210 791 1272 vestrum,
818 1210 1203 1280 spectatores,
1232 1205 1556 1277 conspecta
1594 1216 1728 1257 mea
1761 1216 2037 1278 persona,
2075 1198 2336 1269 miretur,
2377 1215 2560 1275 quum
2601 1194 2788 1255 videat

508 1291 769 1353 medium
795 1312 889 1353 me
918 1291 1191 1371 gracilem
1222 1310 1357 1351 esse
1384 1290 1604 1351 factum
1633 1291 1694 1350 in
1721 1291 1957 1350 modum
1990 1298 2343 1369 vespoe,.aut
2360 1310 2496 1369 quoe
2519 1308 2684 1351 mens
2717 1289 2788 1349 sit

508 1382 685 1463 hujus
710 1384 827 1445 mei
854 1384 1065 1455 aculei,
1088 1383 1261 1443 facile
1288 1384 1447 1443 hunc
1475 1402 1590 1461 ego
1620 1382 1868 1455 doceb0‚
1897 1383 1948 1442 si
1977 1384 2068 1443 vel
2099 1382 2374 1443 indoctus
2397 1381 2578 1443 fuerit
2602 1392 2784 1443 antea.

508 1476 661 1550 Nos,
688 1476 901 1557 quibus
932 1477 1235 1537 aculeatus
1262 1486 1355 1537 est
1384 1476 1602 1555 podex,
1623 1474 1805 1536 Attici
1836 1496 2066 1549 sumus,
2089 1495 2226 1535 vera
2259 1490 2322 1537 et
2361 1475 2594 1535 sincera
2631 1474 2788 1534 nobi·

505 1569 671 1631 litate
700 1570 811 1629 soli
868 1570 1153 1649 insignes,
1206 1568 1545 1648 indigenae:
1598 1568 1983 1628 fortissimum
2041 1588 2254 1649 genus,
2306 1566 2588 1647 quodque
2640 1565 2784 1627 hanc

502 1662 923 1741 rempublicam
950 1662 1167 1743 soepius
1192 1661 1418 1743 adjuvit
1442 1662 1503 1720 in
1533 1660 1792 1742 praefiisg
1822 1660 2062 1741 quando
2091 1662 2254 1721 venit
2281 1662 2608 1735 Barbarus,
2633 1660 2784 1720 fumo

503 1773 772 1834 premens
798 1754 1209 1834 incendiisque
1234 1765 1478 1815 vastans
1499 1754 1836 1815 universam
1867 1754 2188 1833 regionem,
2214 1752 2493 1834 cupidine
2517 1753 2783 1813 incitatus

505 1846 675 1907 favos
705 1857 938 1907 nostros
968 1848 1023 1907 vi
1050 1846 1365 1907 eximendi.
1426 1846 1585 1907 Nam
1602 1846 1914 1908 confestim
1940 1848 2101 1907 facta
2122 1846 2474 1907 excursione
2501 1866 2638 1907 cum
2656 1844 2786 1905 has·

504 1948 571 1999 ta
594 1948 657 1997 et
682 1940 889 2019 clypeo
914 1958 1177 2018 pugnam
1200 1940 1341 2021 ipsis
1368 1940 1792 2013 conseruimus,
1819 1940 1906 2001 ira
1935 1940 2149 2020 proluti
2193 1938 2334 2011 acri,
2376 1938 2464 1999 vir
2494 1939 2668 2019 juxta
2705 1937 2786 1997 vi-

505 2050 634 2091 rum
662 2042 850 2103 stans,
878 2051 1001 2110 pree
1028 2031 1336 2093 iracundia
1359 2031 1638 2093 mordens
1667 2033 1776 2093 sibi
1808 2033 2008 2093 labra:
2041 2031 2160 2093 tela
2175 2032 2441 2093 volantia
2459 2031 2784 2109 coelumque

504 2122 779 2201 diemque
808 2142 881 2183 ex
896 2123 1085 2183 oculis
1113 2123 1476 2204 eripiebant:
1519 2125 1630 2187 sed
1666 2136 1862 2187 tamen
1903 2128 1964 2186 in
2007 2126 2208 2206 fugam
2251 2124 2646 2205 compulimus
2685 2143 2784 2184 eos

504 2216 661 2276 circa
686 2234 1011 2294 vesperam,
1042 2216 1157 2278 diis
1198 2237 1369 2298 opem
1409 2219 1772 2281 serentibus:
1814 2230 2034 2279 noctua
2073 2219 2230 2280 enim
2272 2229 2410 2279 ante
2452 2216 2785 2279 conflictum

502 2306 897 2369 transvolarat
924 2318 1189 2371 nostrum
1232 2311 1573 2371 exercitum.
1657 2309 1889 2373 Deinde
1931 2311 2224 2391 fugientes
2270 2311 2527 2371 insecuti
2571 2330 2784 2381 sumus,

502 2411 789 2480 tanquam
816 2400 1077 2482 thynnos
1104 2414 1437 2483 pungentes
1466 2424 1570 2465 eos
1597 2404 1654 2463 in
1677 2406 1961 2467 braccas:
1990 2404 2077 2463 illi
2103 2415 2300 2463 autem
2329 2404 2660 2483 fugiebant,
2687 2422 2784 2482 ge-

502 2515 715 2574 naeque
742 2504 803 2555 et
830 2494 1143 2576 supercilia
1170 2496 1314 2575 ipsis
1342 2497 1568 2557 interea
1593 2500 2024 2577 pungebantur,
2067 2498 2152 2557 ita
2191 2506 2254 2555 ut
2296 2496 2456 2575 apud
2499 2496 2786 2557 Barbaros

498 2587 719 2666 ubique
758 2588 1077 2649 etiamnum
1120 2589 1263 2651 nihil
1304 2590 1505 2650 Attico
1546 2592 1832 2653 crabrone
1878 2590 2254 2671 perhibeatur
2309 2590 2542 2651 fortius.
2627 2592 2782 2649 San.

503 2678 719 2759 Utique
746 2700 881 2741 acer
917 2691 1042 2745 tum
1082 2700 1263 2755 eram,
1302 2682 1523 2763 quippe
1563 2684 1664 2761 qui
1706 2683 1850 2745 nihil
1890 2703 2132 2764 prorsus
2174 2682 2486 2743 timerem:
2541 2694 2604 2745 et
2643 2702 2780 2743 sane

501 2773 689 2835 delevi
717 2774 1074 2854 perduelles,
1104 2774 1393 2855 navigans
1420 2774 1562 2837 illuc
1591 2776 1942 2837 triremibus.
2023 2777 2160 2835 Non
2189 2776 2342 2835 enim
2377 2787 2520 2836 tunc
2542 2777 2786 2837 curaba-

500 2886 657 2940 mus,
695 2864 995 2947 quomodo
1039 2867 1187 2928 scite
1226 2868 1550 2929 orationem
1590 2868 1941 2943 diceremus,
1993 2869 2088 2929 vel
2141 2869 2634 2930 calumniaremur
2681 2869 2781 2928 ali-

501 2980 717 3041 quem:
758 2961 864 3023 sed
892 2959 1086 3022 laudis
1102 2960 1261 3020 illius
1289 2972 1419 3021 erat
1442 2961 1595 3021 inter
1625 2982 1734 3021 nos
1763 2962 2086 3035 aemulatio,
2113 2964 2246 3041 quis
2275 2961 2536 3039 optimus
2565 2962 2786 3022 clueret

500 3072 722 3113 remex.
768 3054 975 3134 Itaque
1002 3072 1187 3132 quum
1214 3053 1431 3115 multas
1454 3055 1783 3135 ceperimus
1811 3058 2012 3127 urbes,
2041 3054 2240 3115 virtuti
2269 3064 2488 3114 nostrae
2519 3053 2580 3115 id
2625 3072 2784 3113 max·

500 3143 617 3205 ime
643 3144 909 3218 debetur,
932 3144 1091 3225 quod
1118 3146 1234 3205 huc
1276 3145 1538 3207 ferantur
1577 3148 1816 3220 tributa,
1858 3168 1994 3226 qua:
2037 3147 2461 3227 depeculantur
2492 3146 2778 3225 juniore&

500 3236 719 3301 Cnoa.
774 3239 839 3297 Si
876 3256 985 3297 nos
1027 3238 1501 3320 contemplemini
1543 3238 1904 3320 diligentius,
1947 3240 2022 3301 ad
2065 3242 2261 3303 omnia
2307 3240 2616 3301 invenietis
2673 3258 2778 3299 nos

500 3330 839 3393 consimiles
861 3331 1264 3405 crabronibus,
1294 3343 1417 3391 tum
1443 3331 1673 3392 vivendi
1703 3334 1950 3407 ratione,
1980 3345 2104 3395 tum
2127 3335 2302 3395 etiam
2333 3334 2614 3395 moribus.
2659 3333 2783 3393 Pri-

500 3442 599 3485 mo
626 3425 780 3484 enim
808 3423 1035 3497 nullum
1064 3424 1301 3498 animal,
1329 3426 1377 3497 si
1400 3426 1672 3499 irritetur,
1700 3429 1869 3487 nobis
1899 3428 2088 3507 magis
2129 3438 2222 3487 est
2264 3424 2638 3501 iracundum,
2678 3446 2779 3487 ne-

500 3538 617 3598 que
645 3519 1049 3581 truculentius.
1122 3521 1354 3581 Deinde
1382 3536 1441 3583 et
1469 3533 1666 3583 cetera
1694 3525 1892 3585 omnia
1919 3544 2052 3585 cum
2081 3524 2465 3585 crabronibus
2493 3524 2779 3583 molimur.

502 3612 657 3673 Nam
684 3632 789 3691 per
828 3614 1101 3675 examina
1141 3614 1394 3689 collecti,
1437 3627 1722 3697 tanquam
1767 3618 1825 3676 in
1869 3616 2101 3677 diversa
2143 3616 2398 3677 alvearia
2437 3617 2777 3696 migrantes,

496 3704 711 3784 partim
738 3706 895 3785 apud
926 3707 1305 3781 Archontem,
1336 3708 1544 3789 partim
1569 3710 1729 3790 apud
1761 3710 2226 3782 Undecimviros,
2257 3696 2467 3789 partim
2502 3708 2564 3769 in
2608 3708 2778 3769 Odeo

484 3797 587 3879 jus
618 3798 908 3861 dicimus:
951 3799 1050 3861 alii
1076 3800 1249 3863 etiam
1272 3802 1447 3881 juxta
1490 3803 1709 3863 moenia
1749 3804 1949 3883 stipati
1997 3814 2179 3877 arcte,
2227 3802 2288 3861 in
2332 3813 2544 3863 terram
2585 3800 2778 3881 capite

496 3889 779 3965 demisso,
804 3893 899 3953 vix
922 3904 1223 3955 moventes
1254 3914 1319 3955 se
1346 3896 1529 3974 ipsos,
1561 3906 1840 3977 tanquam
1870 3916 2098 3957 vermes
2120 3897 2178 3956 in
2205 3894 2458 3957 cellulis.
2499 3894 2598 3955 Ad
2642 3892 2776 3955 reli-

494 4002 615 4062 qua
642 3985 817 4045 etiam
866 3987 1003 4045 vitae
1044 3988 1381 4051 necessaria
1426 3989 1782 4051 invenienda
1823 3990 2062 4070 ingenio
2107 4009 2308 4051 sumus
2358 3987 2773 4068 promtissimo.

493 4076 649 4137 Nam
677 4078 997 4157 quemlibet
1020 4082 1359 4162 pungimus,
1388 4082 1726 4163 victumque
1749 4083 1889 4165 'inde
1915 4083 2084 4143 nobis
2117 4102 2416 4163 paramus.
2473 4081 2596 4141 Sed
2619 4079 2772 4138 enim

492 4171 614 4231 fuci
641 4172 881 4249 quidam
908 4173 1059 4235 inter
1089 4194 1199 4235 nos
1234 4175 1446 4235 sedent
1492 4188 1760 4239 carentes
1805 4178 2034 4248 acule0,
2079 4176 2182 4255 qui
2223 4184 2632 4254 exspectantes
2670 4171 2775 4230 tri·

492 4264 619 4324 buti
648 4266 831 4325 nostri
860 4266 1111 4327 fructum
1142 4267 1461 4329 comedunt
1489 4269 1686 4329 otiosi.
1771 4269 1902 4329 Hoc
1932 4280 2125 4329 autem
2155 4278 2249 4329 est
2294 4266 2772 4328 molestissimum

488 4358 682 4429 nobiS,
712 4358 763 4417 si
790 4358 921 4436 quis
950 4378 1069 4417 non
1098 4360 1357 4421 militans
1388 4362 1577 4422 aufert
1605 4362 1936 4423 mercedem
1963 4373 2245 4434 nostram,
2279 4362 2416 4422 licet
2436 4380 2543 4441 pro
2577 4358 2768 4419 salute

486 4448 663 4529 hujus
693 4450 853 4511 urbis
877 4470 988 4511 nec
1015 4471 1257 4529 remum,
1280 4474 1391 4515 nec
1416 4454 1673 4529 hastam,
1702 4476 1810 4517 nec
1839 4455 2136 4537 pustulam
2166 4454 2404 4536 ceperit.
2490 4452 2608 4513 Sed
2643 4469 2764 4513 rem
