3059 5059
502 433 619 492 154
1260 410 2046 489 ARISTOPHA‘NIS
2435 413 2792 504 [434-408

500 561 709 623 tiorem
736 557 1031 634 feminam,
1059 576 1255 640 neque
1275 558 1497 639 majore
1524 555 1806 624 facundia
1819 557 2185 642 pollentem:
2237 554 2438 618 omnia
2455 554 2615 616 enim
2649 552 2800 617 dicit

497 663 701 728 r’ecte,·
725 671 1049 733 omnesque
1106 651 1336 734 species
1391 650 1772 725 examinavit,
1799 660 1865 711 et
1913 651 2112 712 omnia
2158 647 2508 730 ponderavit
2557 659 2798 711 mente:

498 746 939 829 prudenterque
960 755 1024 808 et
1045 744 1259 811 callide
1282 753 1633 832 argumenta
1653 744 1881 806 invenit
1893 745 2051 806 bene
2073 743 2436 824 excogitata;
2467 742 2620 803 adeo
2637 755 2728 816 ut,
2746 742 2800 802 si

501 839 724 900 diceret
741 839 913 919 juxta
940 839 1105 900 iilam
1134 838 1431 900 Xenocles
1460 837 1702 898 Carcini
1745 836 1923 912 filius,
1965 837 2132 898 vobis
2177 837 2454 898 omnibus
2495 835 2798 897 videretur

499 933 622 1007 iile,
650 943 717 992 ut
735 931 977 1013 quidem
1004 932 1235 1013 opinor,
1262 931 1442 1012 piane
1470 929 1615 991 nihil
1643 931 1860 992 dicere.
1921 930 2102 993 Mur..
2132 931 2212 990 Η.
2236 929 2439 990 Pauca
2471 941 2634 1002 sunt,
2657 948 2796 1009 quer

500 1035 570 1087 ut
596 1025 874 1100 dicerem,
900 1026 1034 1106 ipsa
1056 1024 1133 1102 in
1148 1025 1407 1086 medium
1438 1023 1725 1106 processi.
1807 1022 1965 1084 Nam
1993 1033 2192 1086 cetera
2213 1020 2454 1102 quidem
2477 1033 2634 1082 recte
2661 1021 2798 1082 bec

498 1118 878 1198 accusatione
900 1117 1398 1199 comprehendit:
1446 1137 1586 1202 quae
1613 1136 1753 1179 reto
1773 1118 1906 1198 ipsa
1925 1135 2108 1198 passa
2133 1135 2285 1190 sum,
2307 1135 2380 1176 ea
2401 1113 2597 1175 dicere
2637 1113 2798 1175 volo.

501 1211 654 1292 Mihi
680 1210 839 1272 enim
862 1213 953 1273 vir
976 1221 1241 1274 mortuus
1268 1211 1447 1272 estin
1478 1209 1702 1291 Cypro,
1727 1210 1926 1272 liberis
1947 1211 2210 1296 quinque
2251 1208 2472 1270 relictis
2511 1205 2800 1287 parvalis,

496 1321 652 1409 quos
679 1324 794 1385 ego
846 1325 1006 1386 segre
1057 1303 1289 1366 aiebam
1342 1302 1587 1365 corollis
1641 1303 1948 1365 nectendis
1997 1304 2058 1362 in
2103 1303 2257 1377 foro,
2305 1301 2406 1362 ubi
2455 1298 2801 1362 venduntur

492 1397 691 1479 myrti.
771 1398 968 1458 Antea
993 1397 1173 1478 igitur
1189 1396 1287 1455 vix
1310 1415 1384 1456 ac
1412 1417 1487 1458 ne
1508 1398 1610 1457 vix
1637 1396 1876 1477 quidem
1905 1397 2086 1457 vitam
2112 1415 2306 1456 meam
2347 1393 2756 1456 sustentabant
2781 1413 2800 1453 ε

494 1493 671 1570 nunc‘
708 1509 845 1568 vero
872 1489 970 1550 bic
998 1481 1421 1570 t'ragoediarum
1448 1506 1688 1547 suarum
1725 1490 2075 1548 commentis
2123 1487 2422 1568 persuasit
2467 1485 2606 1546 viris
2647 1485 2800 1546 deos

496 1601 619 1664 non
647 1601 805 1664 esse,
832 1580 991 1641 unde
1020 1581 1109 1652 fit,
1136 1587 1206 1639 ut
1232 1599 1309 1638 ne
1326 1577 1630 1639 dimidiam
1651 1575 1893 1657 quidem
1918 1589 2146 1659 partem
2169 1580 2424 1660 amplius
2444 1578 2798 1640 vendamus.

496 1676 708 1755 Itaque
728 1673 1001 1735 omnibus
1026 1672 1252 1734 suadeo
1272 1683 1333 1732 et
1352 1671 1515 1745 dieo,
1537 1681 1603 1732 ut
1629 1669 1888 1752 puniatis
1911 1671 2075 1732 hunc
2106 1672 2292 1732 virum
2319 1673 2521 1734 multis
2549 1671 2626 1734 de
2653 1689 2802 1733 cau·

494 1769 597 1829 sis.
642 1768 920 1848 Agrestia
946 1765 1125 1840 enim,
1148 1784 1185 1826 ο
1208 1765 1511 1844 muneres,
1535 1765 1706 1824 nobis
1725 1764 1867 1824 facit
1880 1764 2062 1840 mala,
2091 1775 2296 1846 utpote
2318 1765 2651 1845 agrestibus
2671 1764 2802 1826 ole-

496 1861 660 1921 ribus
680 1862 807 1940 ipse
833 1859 1175 1919 innutritus.
1220 1856 1342 1918 Sed
1360 1858 1421 1917 in
1442 1857 1631 1918 forum
1651 1857 1845 1918 abibo.
1889 1857 2046 1917 Viris
2067 1851 2222 1918 enim
2249 1857 2604 1938 quibusdam
2625 1875 2806 1937 opor-

496 1963 603 2026 tet,
633 1963 701 2013 ut
730 1971 982 2015 coronas
1012 1959 1244 2011 nectam
1271 1949 1568 2011 locatitias
1597 1949 1829 2030 viginti.
1901 1951 2124 2012 Cnoa.
2153 1951 2361 2012 Altera
2379 1951 2518 2012 boec
2558 1950 2802 2012 libertas

496 2044 733 2106 dicendi
753 2044 1007 2125 lepidior
1032 2043 1252 2117 adhuc,
1278 2063 1457 2124 quam
1485 2043 1664 2125 prior,
1695 2045 1995 2124 apparuit:
2048 2043 2203 2105 adeo
2226 2044 2416 2105 facete
2457 2043 2625 2118 dixit,
2673 2063 2802 2106 non

496 2137 934 2218 intempestive,
962 2136 1275 2218 prudentia
1295 2135 1548 2217 praedita
1567 2148 1629 2198 et
1655 2147 1894 2196 versuto
1923 2137 2200 2217 ingenio:
2248 2157 2444 2218 neque
2467 2135 2635 2198 dicta
2667 2136 2802 2217 ejus

497 2230 806 2292 intellectu
876 2230 1158 2303 difficilia,
1216 2230 1322 2292 sed
1376 2231 1576 2291 omnia
1643 2229 1722 2290 ad
1788 2229 2267 2310 persuadendum
2333 2229 2805 2292 accommodata.

498 2323 753 2404 Oportet
792 2333 989 2385 autem
1016 2323 1193 2404 hujus
1223 2323 1453 2404 injuriae
1480 2323 1652 2384 nobis
1681 2323 1866 2383 virum
1892 2323 2054 2384 illum
2081 2323 2346 2404 insignes
2389 2323 2531 2384 dare
2568 2342 2806 2404 poenas.

499 2419 718 2502 Musas.
746 2419 803 2475 V
806 2439 874 2478 os
902 2417 1166 2500 quidem,
1193 2436 1230 2478 ο
1256 2417 1556 2492 mulieres,
1584 2417 1793 2478 acriter
1817 2417 1993 2477 irasci
2022 2428 2085 2479 et
2111 2417 2484 2479 vehementer
2513 2416 2806 2498 Euripidi,

496 2513 641 2572 talia
667 2511 974 2574 audientes
1002 2511 1355 2594 opprobria,
1384 2529 1503 2570 non
1549 2511 1757 2582 mirum
1806 2520 1920 2584 est,
1963 2529 2160 2600 neque
2206 2509 2586 2572 effervescere
2630 2509 2807 2570 vobis

496 2606 697 2685 bilem,
782 2606 939 2667 Nam
968 2613 1030 2664 et
1076 2623 1191 2685 ego
1218 2604 1372 2685 ipsa,
1400 2603 1483 2665 ita
1502 2603 1645 2664 mihi
1673 2603 1821 2664 salvi
1849 2604 2200 2676 sintiiBeri,
2243 2601 2343 2664 odi
2385 2603 2572 2664 virum
2611 2601 2804 2678 illum,

496 2687 613 2759 nisi
656 2699 907 2760 insanio.
1020 2699 1441 2758 Verumtamen
1500 2707 1757 2778 oportet,
1816 2707 1886 2758 ut
1937 2698 2231 2758 nobismet
2280 2696 2427 2777 ipsis
2481 2693 2806 2758 reddamus

498 2792 795 2872 rationes:
854 2791 999 2852 soiae
1028 2791 1186 2851 enim
1212 2809 1441 2873 sumus,
1469 2811 1580 2850 ncc
1601 2801 1796 2851 metus
1825 2802 1938 2861 est,
1955 2811 2032 2850 ne
2055 2791 2212 2854 foras
2254 2790 2573 2852 efferantur
2613 2791 2806 2851 nostri

499 2903 824 2964 sermones..
910 2883 1072 2954 Quid
1096 2883 1263 2944 iilum
1291 2901 1665 2964 accusamus,
1694 2885 2069 2966 graviterque
2095 2885 2360 2959 ferimus,
2387 2885 2435 2944 si
2465 2883 2586 2943 duo
2627 2883 2804 2944 nobis

499 2977 593 3036 vei
622 2979 735 3060 tria
759 2977 1004 3056 flagitia,
1036 2975 1108 3035 de
1130 2977 1347 3054 quibus
1377 2976 1640 3050 rescivit,
1660 2977 2054 3056 exprobravit,
2085 2997 2268 3054 quum
2299 2979 2587 3038 faciamus
2623 2976 2802 3038 innu-

500 3069 709 3130 mera?
764 3069 894 3148 Ego
922 3067 1080 3127 enim
1110 3067 1243 3148 ipsa
1266 3069 1540 3145 'pr-imum,
1570 3089 1645 3126 ne
1676 3065 1751 3126 de
1785 3067 1904 3128 alia
1945 3067 2163 3141 dicam,
2204 3069 2447 3128 conscia
2487 3067 2628 3130 mihi
2669 3089 2806 3130 sum

501 3161 819 3222 muitorum
848 3160 1133 3234 scelerum
1159 3179 1176 3218 ε
1230 3157 1377 3218 illud
1408 3177 1547 3219 vero
1573 3158 1836 3230 omnium
1865 3159 2041 3240 longe
2073 3159 2579 3234 scelestissimum,
2618 3160 2808 3241 quod,

500 3255 623 3320 ires
652 3252 829 3314 modo
858 3252 985 3312 dies
1015 3260 1220 3332 njupta,¹
1270 3249 1411 3310 dum
1454 3252 1908 3312 maritus-ruens
1949 3271 2180 3314 mecum
2225 3261 2401 3314 noctu
2444 3255 2806 3316 concumbe-

500 3349 626 3418 bat,
648 3345 901 3405 admisi.‘
940 3345 1083 3404 Erat
1110 3343 1529 3417 mibi-amicus,
1559 3343 1659 3422 qui
1689 3345 2002 3425 septuenni
2043 3345 2184 3406 mihi
2225 3346 2426 3407 vitium
2467 3347 2806 3410 obtulerat:

496 3439 598 3501 hic
634 3459 831 3500 amore
858 3438 972 3498 mei
1000 3447 1211 3518 captus
1240 3437 1421 3509 venit,
1449 3447 1510 3496 et
1526 3437 1774 3516 januam
1805 3439 2102 3516 unguibus
2127 3438 2338 3500 ieniter
2377 3439 2644 3521 scalpsit.
2725 3441 2806 3501 ·1d

501 3532 665 3615 quod
694 3553 787 3594 res
816 3544 944 3593 erat
969 3530 1125 3591 illico
1149 3531 1436 3610 cognovi:
1482 3528 1636 3590 ciam
1663 3529 1843 3609 igitur
1869 3530 2197 3592 descendo.
2239 3531 2344 3594 Vir
2371 3541 2566 3593 autem
2591 3545 2806 3612 rogat:

510 3627 641 3699 Quo
676 3625 978 3702 descendis
1010 3623 1306 3696 ‚2—Qn0?
1358 3623 1657 3703 respondi,
1707 3625 1966 3685 tormina
2012 3644 2098 3684 me
2154 3625 2430 3686 cruciant
2475 3629 2722 3701 ventris,
2769 3647 2806 3688 o

503 3722 735 3796 marite,
772 3717 1065 3792 etdolom·
1110 3737 1227 3798 qua
1247 3717 1460 3799 gralia
1486 3717 1572 3779 ad
1610 3715 1898 3778 latrinam
1945 3717 2275 3780 eo.—Vadae
2323 3719 2542 3800 igitur,
2591 3719 2806 3800 inquit.

502 3813 653 3872 Tum
682 3811 781 3870 ine
820 3810 1059 3892 quidem
1103 3821 1406 3871 conterere
1450 3809 1747 3884 cedrides,
1795 3810 2097 3885 anethum,
2148 3811 2431 3871 salviam:
2487 3831 2603 3894 ego
2644 3831 2808 3886 vero,

502 3918 821 3986 postquam
852 3923 1010 3984 aqua
1036 3903 1338 3974 cardinem
1366 3905 1696 3984 conspersi,
1725 3923 1968 3982 egressa
1995 3923 2127 3964 sum
2153 3903 2232 3964 ad
2259 3904 2590 3967 moecbum:
2637 3903 2807 3967 dein-

506 3997 584 4057 de
640 3996 919 4057 inclinato
973 4015 1218 4078 corpore
1260 3995 1436 4076 juxta
1486 4015 1647 4057 aram
1713 4013 1822 4076 pro
1867 3996 2090 4057 foribus
2147 4005 2336 4071 stans,
2391 3997 2804 4078 prehensaque

505 4091 725 4152 adnixa
758 4089 947 4168 lauro,
988 4089 1327 4170 subagita'ta
1376 4089 1480 4151 sui.
1567 4090 1718 4150 Haec
1762 4108 2090 4170 nunquam,
2139 4089 2607 4164 animadvertite,
2649 4091 2807 4151 dixit

505 4184 815 4264 Euripides
840 4205 857 4244 ε
897 4203 1111 4264 neque,
1140 4187 1208 4242 ut
1229 4202 1266 4242 a
1312 4183 1494 4242 servis
1541 4193 1604 4243 et
1651 4182 2010 4242 mulionibus
2045 4183 2455 4265 -pennolimur,
2505 4185 2554 4244 si
2599 4184 2806 4246 desint

503 4277 605 4338 alii
630 4277 865 4350 moechi,
888 4277 1031 4337 dicit
1050 4297 1069 4336 t
1101 4296 1292 4356 neque
1313 4287 1399 4348 ut,
1428 4295 1612 4355 quum
1641 4277 1890 4337 maxime
1919 4288 2098 4337 noctu
2122 4279 2197 4338 ab
2225 4275 2424 4358 aliquo
2442 4277 2802 4358 subegitatae

504 4371 809 4445 fuerimus,
832 4391 1004 4430 mane
1035 4369 1174 4430 aliia
1192 4368 1548 4440 mandimus,
1593 4389 1666 4429 ne
1696 4369 1782 4429 vir
1825 4372 1902 4430 ab
1949 4371 2214 4432 excubiis
2259 4363 2500 4433 domum
2543 4373 2804 4448 rediens,

503 4465 725 4542 aliquid
756 4463 892 4523 mali
946 4481 1054 4522 nos
1101 4461 1312 4522 fecisse
1362 4463 1562 4522 statim
1610 4465 1960 4543 suspicetur.
2045 4465 2217 4536 Haec,
2253 4465 2442 4538 vides,
2493 4485 2798 4546 nunquam

502 4556 669 4618 dixit.
754 4557 975 4618 sivero
996 4555 1313 4618 Phaedram
1340 4556 1622 4618 conviciis
1650 4558 1916 4634 incessit,
1943 4558 2086 4639 quid
2113 4559 2228 4621 boc
2255 4558 2334 4620 ad
2365 4581 2474 4623 nos
2499 4561 2526 4620 ’ἕ
2581 4561 2796 4643 Neque
