3059 5059
472 377 588 439 iss
1212 370 1992 435 Anrsrornsms
2329 372 2764 453 [1194-1277

466 504 713 588 quaudo
736 504 985 588 alicujus
1012 505 1135 568 fllia
1160 506 1485 569 canistrum
1512 505 1574 567 in
1601 504 1792 567 sacris
1811 514 2028 587 gestet.
2095 501 2387 565 Omnibus
2413 503 2582 565 vobis
2609 503 2772 581 dico,

468 612 540 662 ut
563 598 811 661 sumatis
838 618 997 661 nunc
1024 600 1105 661 de
1124 600 1271 664 meis
1298 599 1515 681 opibus
1538 618 1572 659 e
1598 598 1778 661 domo
1821 618 1975 672 mea,
2014 607 2079 659 et
2117 596 2263 657 nibil
2301 608 2426 658 tam
2465 599 2620 659 bene
2661 598 2772 659 ob·

469 694 766 773 signatum
794 712 950 767 esse,
976 693 1123 774 quin
1147 714 1345 756 ceram
1367 692 1687 767 revellatis,
1715 703 1776 753 et
1799 712 1940 773 qua:
1967 692 2127 751 intus
2153 689 2398 752 condita
2424 702 2566 751 sunt
2604 692 2776 751 aufe·

466 784 631 847 ratis.
715 785 835 846 Sed
866 786 968 866 qui
995 788 1195 847 omnia
1218 786 1722 867 circumspexerit,
1751 785 1898 845 nihil
1927 785 2171 857 videbit,
2198 783 2312 845 nisi
2345 783 2482 863 quis
2508 796 2774 844 vestrum

470 879 703 941 acutius
730 880 939 952 cernit,
964 882 1147 961 'quam
1168 900 1307 961 ego.
1392 881 1457 941 Si
1481 899 1624 941 vero
1648 880 1828 941 alicui
1856 878 2026 939 cibus
2067 877 2258 951 deest,
2299 896 2422 957 quo
2459 894 2672 937 vernas
2715 888 2782 937 et

469 971 779 1055 parvulam
802 973 1069 1035 sobolem
1097 992 1473 1035 numerosam
1520 984 1753 1055 pascat,
1801 971 1945 1033 licet
1991 992 2028 1033 a
2067 990 2166 1032 me
2215 988 2474 1063 sumenss
2489 972 2777 1032 contritas

468 1064 671 1145 fruges
695 1083 715 1124 :
760 1077 822 1126 at
848 1076 943 1127 est
961 1067 1135 1148 panis
1164 1067 1341 1128 unius
1370 1066 1680 1140 choenicis,
1715 1076 1961 1146 aspectu
2011 1064 2186 1126 valde
2233 1082 2514 1144 maguus.
2595 1063 2779 1132 Quis-

472 1159 608 1238 quis
647 1158 827 1239 igitur
854 1160 982 1220 vult
1024 1180 1375 1242 pauperum,
1418 1172 1517 1223 eat
1563 1160 1626 1220 in
1666 1160 1909 1221 domum
1951 1178 2144 1221 meam
2181 1176 2393 1219 saccos
2440 1156 2668 1218 habeus
2717 1168 2784 1219 et

470 1270 667 1331 peras,
716 1264 1072 1335 accepturus
1124 1255 1361 1335 fruges:
1432 1254 1652 1315 Manes
1707 1264 1908 1313 autem
1965 1271 2170 1313 servus
2227 1271 2395 1312 meus
2449 1252 2536 1312 eis
2583 1250 2778 1311 iudet.

475 1343 899 1407 Verumtamen
928 1346 1004 1406 ad
1025 1346 1277 1427 januam
1304 1366 1495 1407 meam
1527 1367 1605 1408 ne
1631 1347 1766 1427 quis
1795 1344 2068 1421 accedat,
2095 1344 2362 1426 praedico
2383 1362 2404 1405 :
2453 1342 2563 1404 sed
2601 1362 2784 1405 cave-

472 1446 537 1497 at
579 1456 809 1499 canem.
858 1440 1089 1500 .Crac.
1138 1441 1319 1520 Aperi
1354 1440 1630 1521 januam.
1714 1440 1887 1499 Fax.
1936 1439 2156 1499 Nonne
2193 1437 2281 1499 vis
2326 1438 2462 1499 loco
2516 1434 2780 1497 oedere?

471 1529 620 1603 Vos,
646 1531 789 1610 quid
814 1530 1085 1593 sedetis?
1139 1532 1297 1593 Num
1326 1534 1527 1607 vultis,
1556 1548 1626 1592 ut
1653 1552 1768 1613 ego
1791 1531 2068 1613 lampade
2095 1532 2214 1593 hac
2241 1550 2349 1591 vos
2389 1528 2782 1591 comburam?

470 1622 723 1683 molesta
748 1634 843 1684 est
862 1624 993 1685 haec
1015 1626 1214 1686 statio.
1298 1626 1495 1687 Crac.
1527 1625 1666 1685 Non
1696 1625 1990 1685 recedam.
2077 1624 2250 1684 Fau.
2275 1622 2400 1685 Sed
2441 1623 2494 1683 si
2534 1622 2780 1683 omuino

468 1715 531 1774 id
574 1715 909 1777 faciendum
935 1728 1050 1791 est,
1076 1727 1148 1778 ut
1191 1719 1357 1778 vobis
1402 1716 1821 1795 gratificamur,
1860 1714 2226 1776 durabimus.
2311 1717 2508 1777 Grac.
2561 1715 2642 1776 Et
2662 1732 2780 1777 nos

469 1819 668 1869 tecum
726 1828 845 1869 una
898 1810 1263 1870 durabimus.
1350 1809 1525 1870 Fau.
1587 1808 1803 1871 Nonne
1857 1806 2082 1868 abitis?
2183 1798 2356 1867 'Male
2405 1808 2524 1868 erit
2567 1811 2782 1871 vestris

470 1901 704 1982 capillis
734 1912 796 1963 et
816 1902 1032 1963 flebitis
1060 1902 1322 1981 largiter.
1410 1902 1548 1962 Non
1571 1900 1773 1975 abitis,
1803 1909 1870 1961 ut
1898 1899 2165 1961 Lacones
2194 1920 2270 1961 ex
2305 1899 2539 1962 aedibus
2581 1902 2782 1982 quiete

470 1996 691 2055 abeant
742 2016 933 2055 rerum
985 1997 1244 2058 omnium
1297 1994 1525 2057 saturi?
1628 1995 1800 2055 Aur.
1853 1993 2063 2062 Quin.
2123 1991 2446 2075 Nunquam
2499 1994 2781 2075 equidem

468 2087 592 2148 vidi
627 2088 745 2149 tale
778 2088 1134 2150 convivium.
1219 2088 1425 2149 Faceti
1476 2087 1683 2168 utique
1732 2098 1904 2147 eraut
1947 2087 2252 2147 Lacones:
2309 2106 2420 2148 nos
2468 2100 2670 2149 autem
2717 2087 2782 2147 in

470 2180 610 2240 vino
664 2182 928 2242 couvivoe
1000 2181 1443 2263 sapientissimi.
1551 2181 1770 2243 Cnoa.
1813 2180 1973 2242 San.
2043 2180 2231 2241 Recte
2285 2191 2583 2253 autumas,
2637 2180 2784 2262 quia

473 2273 652 2335 sobrii
678 2275 1028 2337 insanimus.
1112 2274 1288 2343 Quod
1322 2276 1373 2335 si
1412 2274 1813 2336 Athenienses
1855 2293 1948 2335 me
1991 2273 2257 2345 audient,
2282 2273 2510 2335 madidi
2551 2294 2788 2357 semper

472 2366 762 2428 ebibimus
790 2368 1119 2449 legationes
1150 2369 1511 2448 ubicunque.
1595 2368 1776 2429 Nunc
1815 2368 1973 2429 enim
2017 2366 2070 2427 si
2111 2366 2354 2447 quando
2398 2368 2786 2431 Lacedoemo·

471 2480 609 2521 nem
634 2460 909 2522 venimus
938 2462 1104 2535 sicci,
1134 2461 1337 2522 statim
1364 2462 1898 2543 circumspicimus,
1927 2460 2144 2542 ecquid
2184 2461 2422 2521 turbare
2461 2464 2784 2543 possimus.

470 2554 685 2635 ltaque
706 2555 852 2635 quid
880 2555 1105 2631 dicant,
1132 2573 1251 2617 non
1281 2555 1594 2616 audimus:
1641 2574 1780 2635 quae
1801 2572 1940 2616 vero
1969 2574 2089 2615 non
2129 2554 2362 2629 dicunt,
2405 2556 2538 2617 hoec
2585 2560 2786 2638 suspi-

472 2666 679 2709 camur
720 2668 1063 2731 perperam:
1120 2661 1182 2711 et
1220 2649 1564 2711 nuntiamus
1607 2668 1732 2710 non
1779 2647 1988 2710 eadem
2031 2647 2110 2709 de
2155 2646 2369 2709 iisdem
2417 2650 2615 2712 rebus.
2697 2652 2788 2713 At

474 2762 635 2803 nunc
660 2743 860 2804 omnia
888 2744 1260 2823 placuerunt,
1282 2754 1352 2803 ut
1380 2742 1431 2803 si
1459 2743 1592 2823 quis
1622 2752 1892 2803 cantaret
1917 2740 2282 2814 Telamonis,
2311 2762 2494 2821 quum
2535 2754 2784 2805 cantara

474 2834 781 2898 debuisset
821 2836 1047 2897 scolion
1076 2835 1421 2916 Clitagoroe,
1448 2846 1650 2897 tamen
1676 2834 2077 2907 laudaremus,
2105 2848 2168 2895 et
2203 2836 2445 2916 insuper
2485 2837 2784 2918 pejerare-

475 2946 630 2989 mus.
715 2930 887 2990 Fam.
918 2930 1039 2991 Sed
1065 2929 1165 2991 isti
1193 2948 1393 2990 rursus
1416 2928 1538 2989 huc
1563 2928 1946 2990 conveniunt.
1989 2928 2204 2989 Nonne
2227 2928 2547 3003 incessitis,
2575 2932 2786 2992 verbe·

476 3022 699 3085 rones‘i
779 3024 971 3085 Grac.
1012 3024 1104 3083 lta
1161 3022 1399 3085 hercle:
1450 3022 1580 3103 jam
1633 3022 1789 3083 enim
1839 3021 2004 3083 intus
2059 3022 2444 3101 egrediuntur
2491 3027 2785 3085 convivae.

479 3114 635 3175 Lao.
680 3115 734 3174 Ο
756 3114 1174 3197 Polycharida,
1202 3135 1351 3198 cape
1380 3114 1580 3184 tibias,
1606 3127 1676 3176 ut
1701 3134 1814 3195 ego
1844 3114 2158 3197 tripudiem
2185 3126 2248 3175 et
2264 3134 2476 3178 cauam
2497 3113 2692 3198 lepide
2723 3120 2786 3180 in

475 3206 874 3271 Athenienses
901 3222 963 3269 et
990 3228 1106 3270 nos
1133 3209 1330 3271 simul.
1415 3207 1571 3268 Por..
1602 3208 1762 3277 Quin
1789 3220 1854 3269 tu
1881 3227 2031 3289 cape
2057 3207 2256 3282 tibias,
2285 3228 2390 3289 per
2428 3208 2578 3270 deos
2607 3212 2786 3272 obse-

478 3318 615 3361 cro:
666 3322 804 3362 nam
831 3302 977 3361 nihil
1004 3322 1098 3363 me
1126 3302 1317 3381 magis
1356 3301 1645 3374 oblectat,
1690 3316 1868 3381 quam
1909 3301 1962 3361 si
1989 3321 2097 3362 vos
2125 3300 2416 3365 saltantes
2447 3304 2785 3384 conspicer.

480 3394 637 3455 Lae.
685 3395 915 3468 Excita,
956 3416 994 3456 o
1038 3396 1457 3473 Mnemosyne,
1493 3394 1748 3474 juvenes
1791 3393 1997 3467 hosce,
2027 3406 2086 3455 et
2127 3412 2320 3455 meam
2349 3394 2612 3470 Musam,
2639 3414 2782 3479 qum

476 3500 685 3549 nostra
710 3499 772 3549 et
789 3486 1241 3549 Atheniensium
1268 3487 1560 3567 proeclara
1584 3488 1744 3548 facta
1767 3489 1964 3549 novit:
2023 3488 2268 3568 quando
2315 3488 2378 3549 hi
2419 3488 2660 3569 quidem
2697 3492 2782 3551 ad

476 3581 881 3655 Artemisium,
929 3582 1043 3643 diis
1080 3581 1325 3654 similes,
1374 3582 1660 3660 impetum
1713 3581 1988 3642 fecerunt
2041 3582 2101 3641 in
2157 3600 2338 3643 naves
2391 3582 2666 3657 hostiles,
2717 3595 2784 3645 et

478 3672 697 3735 Medos
720 3675 1007 3735 vicerunt.
1088 3674 1216 3735 Nos
1244 3693 1383 3735 vero
1404 3674 1698 3735 Leonidas
1727 3674 2006 3749 ducebat,
2055 3686 2342 3755 tanquam
2387 3694 2592 3756 apros,
2637 3696 2784 3739 exa·-

476 3780 725 3829 cuentes
749 3768 1025 3829 dentem:
1080 3768 1331 3849 plurima
1350 3780 1548 3828 autem
1577 3768 1741 3828 circa
1779 3786 1885 3829 ora
1925 3786 2138 3849 spuma
2177 3768 2606 3844 efflorescebat,
2649 3770 2782 3851 plu·-

474 3862 741 3945 rimaque
768 3863 942 3923 simul
972 3862 1271 3924 defluebat
1315 3862 1606 3923 cruribus.
1689 3862 1877 3922 Erant
1919 3864 2078 3923 enim
2125 3862 2234 3924 viri
2285 3863 2486 3924 Persm
2531 3880 2780 3926 numero

474 3974 595 4015 non
616 3958 948 4036 pauciores,
973 3974 1152 4036 quam
1195 3972 1396 4016 arena.
1478 3955 1774 4016 Silvarum
1819 3967 2034 4036 potens
2083 3954 2283 4017 Diana
2326 3958 2616 4029 venatrix,
2657 3958 2778 4019 huc

474 4048 644 4121 ades,
692 4050 859 4128 virgo
904 4048 1063 4122 diva,
1112 4047 1189 4109 ad
1235 4048 1430 4109 soedus
1480 4059 1749 4108 nostrum
1795 4060 1868 4108 ut
1921 4049 2301 4111 concordiam
2357 4061 2622 4111 nostram
2674 4050 2776 4111 diu

475 4142 718 4214 tuearis,
744 4152 925 4221 utque
942 4142 1071 4223 jam
1097 4142 1379 4223 deinceps
1409 4140 1669 4204 amicitia
1695 4153 2040 4221 permaneat
2065 4143 2279 4211 facilis,
2321 4143 2470 4204 inito
2515 4142 2776 4204 foedere:

472 4245 536 4295 et
592 4234 871 4295 astutiam
922 4235 1223 4317 vulpinam
1278 4236 1519 4297 missam
1577 4234 1907 4296 faciamus:
1951 4256 1988 4296 o
2042 4237 2162 4297 huc
2214 4236 2384 4309 ades,
2417 4252 2453 4296 o
2507 4237 2776 4297 venatrix

471 4327 663 4409 virgo.
746 4329 899 4389 Lvs.
926 4328 1105 4409 Agite
1124 4346 1283 4389 nunc
1310 4331 1489 4389 rebus
1506 4329 1954 4409 'beneperactis
2003 4330 2236 4401 ceteris,
2283 4327 2560 4389 abducite
2601 4330 2777 4401 istas,

472 4440 513 4483 o
540 4422 843 4490 Lacones:
898 4422 1009 4483 has
1038 4433 1261 4495 autem,
1290 4442 1432 4484 vos:
1474 4423 1564 4483 vir
1593 4422 1751 4503 apud
1781 4423 2108 4497 mulierem,
2137 4432 2198 4482 et
2226 4423 2437 4483 mulier
2463 4432 2582 4483 stet
2609 4422 2778 4503 apud

470 4515 678 4579 virum.
764 4516 843 4577 Et
868 4515 1085 4579 deinde
1112 4518 1191 4577 ob
1233 4517 1462 4579 felicem
1504 4532 1694 4577 rerum
1735 4534 2102 4591 successum,
2143 4516 2378 4577 choreis
2416 4516 2478 4575 in
2519 4514 2774 4577 deorum
