3059 5059
468 320 592 381 246
1222 314 2002 381 ARISTOPHANIS
2401 316 2752 395 [σεο-τοο

452 458 755 509 suemus.
838 446 1038 509 Bur.
1080 446 1279 509 Unum
1305 445 1505 507 adhuc
1532 465 1572 505 a
1598 455 1658 507 te
1679 444 1997 526 quaesitum
2021 442 2176 506 volo.
2259 444 2478 527 Siquis
2507 446 2750 509 multam

466 539 645 602 alicui
665 538 903 613 debeat,
930 560 969 601 a
996 540 1438 619 magistratibus
1464 538 1805 610 damnatus,
1823 536 2126 599 undenam
2157 536 2315 598 banc
2357 537 2588 599 solvet?
2629 558 2752 601 non

464 634 621 695 enim
648 654 883 713 oequum
912 643 1005 694 est
1022 632 1311 713 epublica
1334 632 1605 713 pecunia.
1687 631 1903 691 Paax.
1949 629 2068 691 Sed
2094 630 2250 691 enim
2283 630 2468 709 primo
2501 652 2576 693 ne
2609 630 2748 693 lites

463 726 701 806 quidem
727 735 918 787 erunt.
1001 727 1201 788 Bur.
1246 726 1381 786 Hoc
1410 744 1548 785 vero
1583 744 1762 804 quam
1804 723 2024 785 multos
2077 723 2345 785 homines
2393 724 2750 805 pessumda-

459 819 581 879 biti
665 818 883 879 Paax.
927 818 1061 879 Hoc
1081 838 1318 899 quoque
1340 837 1454 897 ego
1478 817 1784 878 decretum
1813 816 1948 877 feci.
2031 816 2185 877 Nam
2215 816 2386 896 cujus
2419 816 2500 877 rei
2540 836 2746 892 causa,

458 930 501 973 o
542 912 745 983 miser,
791 912 923 973 lites
971 910 1218 972 essent?
1296 910 1496 970 Bur.
1562 909 1954 970 Plurimarum
1999 928 2167 983 sane,
2216 929 2321 989 per
2367 908 2744 989 Apollinem:

456 1007 706 1087 primum·
734 1006 887 1065 enim
914 1005 1196 1085 hujusce:
1228 1004 1433 1083 siquis
1458 1001 1684 1081 aliquid
1713 1002 1964 1083 cuipiam
1997 1001 2220 1061 debens
2247 1012 2448 1081 neget.
2519 1002 2742 1063 Panx.

454 1098 542 1158 At
565 1099 771 1158 foeneri
798 1098 897 1177 qui
926 1099 1237 1177 pecuniam
1266 1096 1455 1167 daret,
1482 1096 1642 1155 unde
1671 1115 1802 1154 eam
1829 1106 2106 1161 sumeret,
2139 1096 2317 1154 rebus
2363 1095 2635 1155 omnibus
2678 1094 2740 1154 in

450 1210 765 1252 commune
805 1190 1133 1271 depositis?
1215 1188 1646 1249 manifestarius
1703 1188 1798 1247 fur
1851 1197 2013 1246 esset
2053 1186 2300 1247 scilicet.
2381 1186 2581 1248 Bmu’.
2625 1186 2744 1247 Per

451 1286 750 1354 Cererem,
780 1286 930 1343 bene
958 1284 1161 1343 doces..
1220 1282 1349 1341 Hoc
1380 1280 1560 1360 igitur
1585 1280 1766 1339 dicito
1795 1280 1935 1339 mihi
1959 1299 1975 1339 :
2025 1279 2125 1358 qui
2151 1278 2300 1337 alios
2329 1280 2739 1350 verberabunt,

448 1377 611 1437 unde
638 1376 877 1455 injurias
906 1375 1261 1456 persolvent,
1282 1393 1463 1453 quum
1492 1375 1643 1433 bene
1673 1372 1874 1452 appoti
1897 1372 2102 1431 obvios
2125 1372 2280 1431 male
2309 1370 2740 1432 mulcaverintZ

446 1469 527 1530 de
554 1470 667 1531 hoc
695 1469 851 1528 enim
883 1468 1177 1546 ambigere
1206 1477 1264 1526 te
1292 1467 1560 1528 arbitror.
1644 1466 1864 1527 Pitax.
1891 1465 1947 1524 A
1973 1484 2159 1538 maza,
2181 1484 2359 1544 quam
2379 1466 2546 1543 ipsus
2575 1465 2738 1526 edit:

442 1561 600 1623 hanc
622 1562 779 1621 enim
800 1580 983 1641 quum
1004 1560 1135 1641 quis
1158 1560 1213 1619 ei
1242 1557 1550 1632 ademerit,
1575 1578 1698 1617 non
1727 1557 1901 1619 facile
1924 1557 2204 1637 deinceps
2233 1557 2502 1637 injuriam
2535 1558 2734 1627 faciet,

308 1676 329 1687 ·
443 1654 531 1715 sic
558 1664 763 1717 ventre
804 1654 1110 1715 multatus.
1194 1650 1393 1713 Bur.
1440 1652 1570 1712 Nec
1591 1651 1886 1711 etiam'fur
1913 1651 2026 1713 erit
2061 1649 2268 1711 ullus?
2350 1650 2570 1713 1²an.
2615 1651 2734 1719 Qui

440 1748 601 1808 enim
649 1746 957 1820 furabitur,
1006 1746 1109 1826 qui
1156 1746 1418 1805 omnium
1466 1744 1548 1805 sit
1593 1742 1936 1825 particeps?
2017 1744 2219 1805 Bur.
2263 1742 2474 1823 Neque
2525 1744 2733 1805 obvios

439 1850 619 1901 nocte
658 1838 1049 1919 spoliabunt?
1130 1838 1351 1898 Pnax.
1396 1837 1534 1898 Non
1578 1836 1700 1916 pol,
1746 1837 1798 1898 si
1853 1836 2012 1899 domi
2059 1836 2360 1909 dormian
2413 1836 2730 1917 nequidem

440 1932 491 1991 si
518 1932 683 2006 foris,
706 1944 771 1993 ut
808 1944 1007 1994 antea.
1090 1933 1297 1992 Victus
1338 1932 1495 1991 enim
1539 1932 1814 1991 omnibns
1859 1939 2156 2010 suppetet.
2241 1930 2304 1991 Si
2347 1930 2480 2009 quis
2533 1942 2732 1991 autem

436 2024 618 2085 alium
647 2024 903 2104 spoliare
930 2023 1091 2099 velit,
1112 2023 1163 2083 is
1186 2024 1339 2084 ultro
1368 2023 1720 2085 vestimenta
1739 2043 1860 2083 sua·
1875 2022 2080 2083 dabit:
2135 2023 2278 2103 quid
2315 2023 2468 2083 enim
2496 2024 2552 2083 ei
2577 2043 2730 2103 opus

434 2126 597 2177 esset
620 2116 987 2198 repugnare?
1034 2117 1252 2198 quippe
1272 2116 1514 2177 meliora
1541 2117 1832 2197 prioribus
1853 2115 1972 2175 illis
1999 2136 2072 2175 ex
2111 2116 2410 2175 communi
2451 2117 2724 2196 accipiet.

434 2208 636 2270 Buff.
677 2211 887 2291 Neque
910 2211 1088 2272 etiam
1118 2211 1250 2271 alea
1277 2209 1487 2270 ludent
1510 2210 1822 2272 homines?
1903 2207 2124 2270 Pnax.
2167 2210 2322 2269 Nam
2363 2208 2534 2289 cujus
2575 2208 2725 2271 lucri

431 2302 623 2382 gratia
640 2304 702 2365 id
723 2304 859 2383 quis
880 2302 1146 2364 faceret?
1228 2303 1431 2366 anr.
1472 2304 1668 2372 Quam
1705 2322 1848 2364 vero
1889 2303 2027 2363 vitae
2068 2302 2354 2363 rationem
2405 2301 2726 2363 institues?

430 2395 653 2460 Pnax.
698 2397 1085 2457 Communem
1114 2396 1412 2458 omnibus.
1494 2396 1714 2457 Urbem
1759 2396 1916 2455 enim
1947 2416 2040 2455 me
2067 2396 2352 2455 facturam
2375 2394 2512 2455 dico
2539 2395 2726 2459 instar

425 2490 603 2550 unius
625 2489 1026 2563 habitationis,
1056 2491 1255 2550 omnia
1270 2490 1329 2549 in
1359 2510 1544 2550 unum
1563 2488 2008 2560 committendo,
2037 2488 2122 2547 ita
2145 2498 2214 2547 ut
2235 2488 2382 2547 alter
2411 2488 2468 2547 in
2483 2486 2726 2548 alterius

426 2582 590 2642 aedes
626 2581 795 2643 facile
818 2582 1199 2662 ingrediatur.
1285 2583 1487 2643 anr.
1512 2584 1760 2642 Coenam
1791 2592 1986 2642 autem
2015 2581 2116 2641 ubi
2137 2580 2447 2661 adpones?
2505 2580 2723 2642 Pnax.

427 2676 584 2736 Fora
610 2674 923 2735 Judicialia
942 2687 1004 2732 et
1022 2677 1285 2754 porticus
1314 2678 1566 2735 virorum
1605 2676 1914 2735 coenacula
1959 2674 2194 2734 faciam.
2277 2674 2477 2735 Bur».
2517 2674 2724 2735 Tribu-

424 2769 527 2830 nal
554 2778 751 2829 autem
778 2767 857 2827 ad
884 2765 1029 2847 quid
1058 2766 1197 2827 utile
1225 2766 1375 2826 erit?
1458 2766 1680 2827 Pnax.
1719 2767 1912 2845 Super
1933 2766 2084 2826 illud
2123 2766 2424 2846 imponam
2463 2778 2724 2827 crateras

424 2872 485 2923 et
512 2862 793 2943 aquales:
846 2871 908 2920 et
948 2869 1173 2919 stantes
1220 2860 1279 2918 in
1326 2879 1399 2920 eo
1444 2859 1614 2939 pueri
1639 2858 1854 2919 bellica
1894 2857 2071 2920 laude
2120 2860 2410 2920 clarorum
2465 2861 2720 2921 virorum

420 2954 599 3015 fortia
624 2962 844 3015 canent
868 2954 1050 3024 facta,
1079 2952 1554 3033 timidorumque,
1605 2952 1654 3011 si
1683 2952 1782 3032 qui
1813 2952 2048 3022 fuerint,
2096 2953 2332 3031 probra,
2381 2964 2450 3013 ut
2493 2952 2722 3035 pudore

424 3046 636 3107 suffusi
682 3064 719 3106 a
765 3064 938 3106 coena
986 3044 1342 3106 abstineant.
1448 3046 1649 3106 Bur.
1712 3044 1828 3105 Per
1867 3044 2223 3124 Apollinem,
2269 3065 2394 3105 rem
2443 3047 2716 3107 festivam

419 3158 647 3201 narras.
703 3139 965 3199 Vascula
990 3150 1207 3212 autem,
1232 3138 1291 3197 in
1320 3158 1457 3217 quoe
1485 3149 1676 3199 sortes
1709 3137 2126 3217 conjiciuntur,
2153 3138 2392 3199 ubinam
2419 3138 2718 3218 repones?

422 3234 643 3297 Panx.
685 3234 755 3293 In
782 3233 911 3293 foro
932 3250 1280 3312 eaponam3
1336 3242 1459 3291 tum
1486 3242 1654 3291 stans
1689 3230 1864 3310 juxta
1910 3240 2170 3291 statuam
2215 3230 2524 3292 Harmodii
2555 3246 2717 3294 sorte

420 3346 629 3388 omnes
648 3324 886 3399 ducam,
912 3323 1107 3385 donec
1162 3323 1405 3386 sortitus
1464 3324 1736 3405 gaudens
1785 3326 1983 3397 abeat,
2026 3324 2220 3384 sciens
2261 3324 2324 3383 in
2371 3344 2492 3405 qna
2545 3325 2718 3387 litera

422 3429 762 3481 ooenaturus
786 3418 899 3478 sit:
942 3428 1003 3479 et
1022 3436 1221 3497 praeco
1240 3434 1345 3477 eos
1367 3418 1773 3497 proclamabit,
1800 3417 1902 3497 qui
1929 3438 2004 3477 ex
2031 3418 2202 3477 litera
2225 3418 2384 3479 Beta
2409 3430 2602 3491 erunt,
2647 3428 2716 3481 ut

418 3514 481 3573 in
504 3511 793 3593 porticum
812 3510 1129 3571 Basilicam
1160 3523 1484 3591 sequantur
1510 3511 1833 3580 coenaturi:
1891 3530 1994 3571 eos
2025 3520 2221 3571 autem
2265 3512 2366 3590 qui
2405 3532 2480 3572 ex
2527 3513 2712 3573 neta

422 3613 615 3678 erunt,
638 3604 698 3663 in
720 3594 872 3675 eam,
892 3623 1029 3683 quae
1054 3603 1195 3663 inde
1222 3602 1666 3672 denominatur:
1721 3623 1824 3665 eos
1853 3622 2012 3676 vero,
2039 3603 2235 3685 quiex
2265 3606 2488 3686 Kappa
2513 3618 2711 3679 erunt,

418 3698 483 3759 in
509 3696 799 3779 porticum
820 3706 888 3757 ut
908 3706 1069 3771 eant,
1088 3697 1189 3757 ubi
1226 3699 1578 3757 frumentum
1605 3697 1834 3759 venale.
1921 3698 2122 3763 Bnm’.
2167 3700 2490 3760 Frumento
2527 3710 2596 3759 ut
2643 3720 2714 3761 se

416 3787 828 3869 ingurgitent?
908 3782 1129 3851 Pinax.
1172 3789 1311 3850 Non
1340 3800 1612 3851 ecastor:
1669 3790 1780 3851 sed
1799 3801 1866 3851 ut
1889 3790 1968 3851 ibi
1993 3804 2254 3855 coenent.
2338 3792 2540 3854 Bmu’.
2593 3771 2710 3853 dui

417 3885 617 3944 autem
636 3882 809 3942 litera
832 3880 1050 3943 educta
1098 3901 1215 3943 non
1258 3882 1454 3955 fuerit,
1499 3883 1826 3945 seeundum
1871 3904 2048 3965 quam
2095 3896 2311 3960 coenet,
2347 3904 2452 3946 eos
2500 3904 2708 3947 omnes

415 3972 756 4055 expellent?
835 3974 1054 4036 Paax.
1095 3975 1177 4035 At
1202 3976 1261 4035 id
1294 3974 1452 4056 apud
1478 3995 1590 4039 nos
1619 3996 1738 4037 non
1767 3977 1914 4039 erit:
1957 3979 2179 4060 quippe
2207 3979 2404 4040 omnia
2429 3980 2708 4039 omnibns

414 4069 661 4150 copiosa
688 4068 1099 4149 praebebimus,
1122 4070 1207 4130 ita
1230 4079 1301 4130 ut
1328 4070 1734 4151 unusquisque
1761 4088 1898 4131 cum
1923 4072 2146 4133 corolla
2169 4072 2360 4133 facem
2389 4090 2632 4133 sumens
2669 4092 2706 4133 e

416 4162 686 4223 convivio
710 4162 885 4222 abeat
911 4162 1140 4223 ebrius:
1185 4182 1359 4242 porro
1386 4162 1660 4224 mulieres
1687 4164 1748 4223 in
1775 4163 1946 4224 biviis
1973 4176 2357 4227 occursantes
2383 4164 2478 4239 iis,
2515 4166 2618 4245 qui
2665 4184 2705 4225 a

415 4274 587 4321 eona
611 4256 905 4333 redibunt,
952 4261 1083 4321 hoec
1128 4259 1365 4322 dicent:
1418 4262 1560 4323 Huc
1603 4261 1689 4322 ad
1738 4280 1847 4322 nos
1897 4263 2134 4343 deflecte
2153 4282 2176 4322 .·
2225 4264 2326 4324 laic
2375 4262 2546 4343 apud
2595 4280 2708 4323 nos

399 4355 673 4435 formosa
688 4353 891 4435 puella
918 4363 1024 4413 est.
1106 4356 1296 4435 Apud
1322 4374 1411 4415 me
1434 4374 1674 4437 quoqne,
1703 4356 1822 4416 alia
1843 4356 2088 4436 inquiet3,
2111 4357 2370 4436 desuper
2393 4374 2470 4417 ex
2499 4374 2704 4416 coena-

418 4448 577 4525 enlm
598 4456 659 4511 et
684 4448 912 4528 quiden·
928 4446 1331 4527 pulcher-rina
1366 4457 1425 4509 et
1462 4449 1920 4513 madida-ina.-
1956 4451 2138 4530 prr‘us
2161 4457 2354 4511 tam
2379 4457 2618 4530 operm
2645 4457 2702 4513 le
