3059 5059
459 403 596 466 338
1199 398 1996 462 ARISTOPHANIS
2210 405 2217 415 '
2424 397 2785 479 [loo-³153

467 531 748 596 «collectis
767 531 1060 606 ustibus,
1090 533 1426 594 latebimus.
1511 533 1711 602 Quum
1741 539 1883 594 vero
1903 530 2124 592 barbas
2152 527 2595 603 demiserimus,
2632 548 2789 608 quas

471 625 600 688 illic
627 626 714 687 ori
739 637 948 688 nostro
973 625 1539 707 circumligabimus‚
1568 626 1723 706 quis,
1752 627 1989 695 amabo.
2017 643 2129 686 nos
2159 623 2369 686 videns
2399 642 2521 685 non
2550 635 2793 704 reputa·

471 721 630 782 ,verit
652 720 810 782 viros
833 720 858 780 ἲ
899 721 1185 801 Agyrrius
1207 721 1364 782 enim
1395 719 1675 780 Pronomi
1703 721 1949 780 barbam
1977 719 2229 791 habens,
2256 727 2509 780 cunctos
2536 716 2793 778 fefellit:

471 824 662 894 atque
691 813 854 894 prius
873 813 1082 876 mulier
1105 825 1268 874 erat:
1329 833 1490 874 nunc
1517 826 1741 887 autem,
1768 828 1838 874 ut
1865 812 2055 885 vides,
2088 829 2380 874 summum
2400 811 2461 870 in
2486 809 2795 891 republica

456 907 681 968 ‘Iocum
735 915 922 966 tenet.
1030 907 1348 981 Quocirca,
1407 925 1515 988 per
1560 906 1720 966 diem
1763 907 2089 968 crastinum
2130 907 2401 978 obsecro,
2448 915 2571 966 tam
2624 924 2795 984 mag·

469 1019 624 1060 «num
654 999 978 1062 audeamus
1006 1000 1258 1073 facInus,
1291 1000 1344 1060 si
1371 1019 1492 1080 qua
1519 999 1751 1060 ratione
1780 999 1941 1061 urbis
1982 999 2553 1061 administrationem
2580 1018 2795 1080 capere

473 1093 804 1176 possimus,
871 1113 992 1174 quo
1055 1093 1198 1156 boni
1250 1093 1553 1175 quidpiam
1617 1095 1679 1152 in
1735 1113 1868 1155 eam
1916 1092 2315 1154 conferamus.
2401 1093 2579 1154 Nunc
2636 1093 2795 1154 enim

473 1206 598 1248 nec
625 1186 772 1247 velis
802 1207 914 1250 nec
941 1186 1120 1248 remis
1160 1199 1349 1248 ratem
1391 1186 1789 1266 provehimus.
1874 1187 2058 1248 Mur..
2102 1186 2241 1246 VII.
2282 1185 2364 1246 At
2410 1204 2621 1265 quoeso
2666 1196 2797 1246 tan-

475 1281 639 1355 dem,
667 1300 926 1360 quonam
951 1282 1056 1342 fiet
1099 1280 1302 1355 modo,
1350 1292 1419 1341 ut
1461 1280 1771 1342 mulierum
1814 1290 2146 1341 conventus
2190 1279 2529 1340 concionari
2566 1278 2796 1361 possit?

471 1371 706 1436 Pnax.
747 1374 906 1434 Sane
953 1393 1094 1436 vero
1140 1373 1286 1436 nihil
1335 1373 1595 1449 facilius.
1677 1373 1915 1454 Quippe
1970 1371 2153 1452 vulgo
2210 1371 2507 1446 dictitant,
2560 1391 2669 1434 eos
2720 1393 2795 1434 ex

477 1465 986 1542 adolescentibus,
1015 1467 1120 1547 qui
1144 1467 1464 1547 plurimum
1483 1465 1861 1547 subiguntur,
1910 1465 2147 1528 dicendi
2193 1465 2583 1546 peritissimos
2620 1485 2759 1528 esse
2780 1487 2799 1526 ι

477 1557 545 1620 id
569 1569 768 1622 autem
813 1561 987 1622 nobis
1039 1579 1146 1640 per
1195 1561 1405 1622 fortem
1447 1560 1749 1620 fortunam
1794 1561 2077 1642 suppetit.
2160 1559 2343 1620 Mun.
2384 1559 2525 1620 Vll.
2572 1559 2799 1623 Nescio

473 1669 619 1730 ego.
702 1651 1048 1716 Periculosa
1067 1665 1268 1714 autem
1295 1672 1393 1712 res
1415 1663 1512 1714 est
1540 1653 1990 1732 inexperientia.
2074 1653 2297 1714 Paax.
2343 1652 2493 1712 Inde
2520 1654 2798 1734 estquod

477 1743 600 1808 huc
619 1746 764 1808 data
789 1765 972 1829 opera
987 1746 1398 1820 convenimus,
1420 1757 1488 1804 ut
1509 1757 1649 1806 ante
1672 1745 2027 1806 meditemur
2044 1766 2181 1825 quae
2202 1745 2377 1804 nobis
2396 1745 2519 1806 illic
2539 1745 2802 1808 dicenda

477 1849 682 1900 eruntt
739 1857 852 1919 age
883 1851 1102 1915 autem,
1129 1858 1330 1900 nonne
1357 1837 1525 1899 ocius
1552 1839 1797 1900 barbam
1843 1838 1949 1899 tibi
1998 1836 2457 1918 circumligabis,
2500 1851 2691 1920 tuque
2734 1849 2799 1900 et

475 1942 697 1994 ceterae
739 1951 970 2008 omnes,
997 1952 1136 2012 quoe
1163 1932 1226 1991 in
1275 1930 1532 1992 dicendo
1580 1931 1857 1994 exercitoe
1906 1930 2091 1991 sunt?
2174 1931 2357 1993 Mor..
2398 1932 2569 1994 VIII.
2613 1933 2801 2002 Qum·

473 2043 620 2086 nam
667 2035 890 2099 autem,
935 2043 972 2085 o
1021 2024 1226 2098 stulta,
1284 2034 1555 2084 nostrum
1610 2024 1778 2104 loqui
1832 2023 2070 2085 nescit?
2150 2025 2370 2086 Pnsx.
2410 2025 2545 2105 Age
2594 2025 2801 2106 igitur,

475 2119 726 2180 barbam
753 2131 818 2180 tu
844 2119 950 2180 tibi
979 2117 1246 2200 praeliga,
1275 2117 1512 2198 citoque
1542 2118 1627 2178 vir
1647 2119 1779 2178 fias.
1862 2118 1995 2197 Ego
2014 2127 2237 2191 autem,
2268 2117 2477 2197 positis
2504 2119 2569 2180 in
2595 2119 2803 2180 medio

479 2212 738 2284 coronis,
766 2213 1008 2273 barbam
1035 2211 1252 2292 etipsa
1280 2211 1425 2272 mihi
1449 2210 1899 2290 circumligabo,
1926 2210 2085 2272 sicut
2108 2230 2215 2272 vos
2240 2210 2492 2284 facietis,
2538 2212 2592 2272 si
2638 2213 2801 2274 forte

476 2304 629 2384 qnid
677 2303 873 2366 dicere
919 2304 1060 2366 mibi
1120 2304 1414 2366 videbitur
1468 2323 1737 2366 necesse.
1822 2305 2008 2366 Mur..
2051 2305 2133 2366 II.
2176 2307 2307 2385 Age
2353 2325 2392 2366 o
2446 2305 2806 2370 dulcissima

477 2397 844 2478 Praxagora,
869 2396 1070 2476 aspice
1120 2397 1323 2472 sodes,
1369 2417 1548 2478 quam
1589 2396 1839 2458 ridicula
1882 2416 1979 2458 res
2030 2395 2321 2459 videatur.
2405 2397 2627 2462 Pnax.
2673 2402 2801 2471 Qui

475 2500 680 2552 autem
725 2488 1019 2552 ridicula?
1115 2490 1296 2552 Mur..
1365 2491 1448 2553 11.
1511 2490 1713 2551 Veluti
1756 2490 1807 2551 si
1864 2489 2043 2571 sepiis
2090 2491 2306 2552 assatis
2364 2493 2607 2554 barbam
2660 2495 2805 2575 quis

473 2583 941 2666 circumligaret.
1027 2584 1252 2647 Pnsx.
1296 2585 1462 2645 Heus
1485 2585 1790 2657 lustrator,
1842 2585 2161 2646 mustelam
2216 2585 2565 2647 circumfer:
2620 2587 2807 2668 prodi

477 2677 540 2738 in
581 2676 864 2740 medium.
951 2677 1338 2757 Ariphrades,
1366 2677 1631 2758 linguam
1658 2679 2002 2757 comprime,
2030 2678 2217 2740 transi
2264 2689 2327 2739 et
2376 2680 2579 2740 sedem
2616 2700 2809 2762 cape.

481 2769 775 2840 Quaenam
829 2769 1172 2833 concionari
1225 2769 1400 2832 vulti
1511 2771 1698 2832 Mur..
1768 2770 1943 2833 VIII.
2013 2771 2164 2852 Ego.
2262 2770 2483 2835 Paax.
2544 2772 2809 2853 Impone

477 2863 659 2944 igitur
675 2864 858 2945 capiti
890 2882 1196 2936 coronam,
1221 2862 1382 2944 quod
1410 2863 1673 2925 faustum
1731 2873 1792 2924 et
1821 2862 1965 2924 felix
1994 2865 2094 2925 sit.
2176 2865 2359 2927 Mur..
2402 2865 2575 2928 VIII.
2610 2867 2807 2930 Ecce.

478 2957 703 3021 Pnax.
747 2958 948 3020 Verba
973 2957 1177 3019 facito.
1259 2957 1443 3018 Mur..
1484 2957 1657 3018 VIII.
1698 2957 2219 3038 Itaneantequam
2259 2958 2503 3019 biberim
2544 2958 2808 3021 dicam?

469 3049 706 3114 Pnax.
775 3052 934 3114 Ecce
989 3071 1126 3114 vero
1175 3051 1471 3117 biberim!
1556 3051 1741 3114 Μυῐ..
1784 3050 1955 3113 VIII.
2017 3051 2181 3120 Quid
2223 3051 2421 3132 igitur,
2470 3072 2507 3114 o
2560 3054 2809 3136 inepta,

476 3163 633 3224 opus
659 3145 856 3205 fuerat
900 3163 1182 3204 coronam
1231 3142 1512 3205 sumere?
1594 3143 1816 3205 Pnnx.
1861 3145 2072 3226 Apage
2115 3156 2175 3205 te
2214 3145 2376 3205 hinc.
2456 3145 2631 3208 Talia
2670 3148 2811 3210 for-

477 3247 646 3299 tasse
676 3235 1132 3321 nobisJecisses
1159 3245 1222 3296 et
1249 3234 1391 3297 illic.
1477 3236 1661 3298 Mur..
1706 3238 1878 3299 VIII.
1922 3237 2045 3300 Sed
2072 3238 2229 3300 enim
2256 3257 2455 3298 nonne
2480 3248 2543 3299 et
2580 3239 2697 3300 viri
2742 3242 2817 3302 in

475 3329 768 3400 concione
817 3324 1074 3390 bibunt?
1155 3327 1378 3389 PnAx.
1422 3329 1516 3388 En
1566 3329 1779 3392 iterum
1830 3331 2087 3394 bibunt!
2168 3331 2355 3394 Mur..
2396 3331 2568 3392 VIII.
2608 3333 2819 3408 Sane,

469 3443 590 3505 per
639 3423 922 3495 Dianam,
971 3433 1035 3483 et
1089 3419 1334 3501 quidem
1391 3422 1703 3484 meracius.
1789 3424 1967 3485 Unde
2016 3437 2081 3486 et
2129 3424 2373 3486 decreta
2414 3443 2823 3516 qumcunque

475 3516 728 3590 faciunt,
749 3514 1205 3597 inspicientibus
1237 3525 1300 3576 et
1325 3525 1553 3576 attente
1584 3516 2103 3582 considerantibus
2142 3518 2358 3580 insana
2404 3517 2712 3580 videntur.
2742 3533 2823 3582 et

478 3607 802 3682 dementia,
857 3609 1019 3671 velut
1067 3608 1360 3670 ebriorum
1411 3607 1715 3671 homiuum
1774 3623 2135 3674 commenta.
2216 3611 2377 3681 Quin
2430 3611 2637 3692 etiam,
2690 3633 2825 3694 per

479 3702 957 3778 Jovem,libant:
987 3702 1079 3764 sin
1101 3702 1322 3776 miuus,
1344 3701 1514 3782 cujus
1542 3702 1627 3764 rei
1653 3704 1849 3782 gratia
1872 3704 1959 3764 ita
1984 3703 2103 3764 diis
2130 3703 2554 3785 supplicarent,
2582 3705 2827 3770 vinum

478 3795 597 3857 nisi
617 3795 898 3858 adesset?
948 3807 1241 3878 praeterea
1281 3795 1691 3857 conviciantur
1732 3798 1887 3858 inter
1936 3816 2089 3870 sese,
2138 3795 2311 3876 quasi
2354 3798 2507 3860 bene
2544 3803 2783 3879 appeti
2804 3823 2831 3874 ς

471 3887 972 3971 mattulamque,
1014 3891 1120 3970 qui
1175 3909 1244 3950 se
1299 3898 1513 3970 gerant
1568 3889 1873 3965 indecore,
1922 3889 2181 3954 efferunt
2226 3911 2261 3952 e
2312 3900 2471 3952 coetu
2523 3890 2835 3958 lictores-

459 3982 705 4045 ,Pium
745 3983 884 4058 Abi,
917 3983 1015 4044 abi
1041 3984 1125 4044 sis
1143 3993 1206 4045 et
1223 3982 1368 4044 sede
1388 4003 1408 4044 ι
1449 3982 1661 4044 mulier
1688 3985 1843 4046 enim
1870 3983 2037 4046 nihili
2062 4003 2153 4046 es.
2194 3985 2306 4048 Mu
2318 4003 2377 4046 1..
2406 3985 2581 4045 VIII.
2608 3987 2843 4052 ans—

477 4085 688 4138 torum
712 4076 856 4137 mibi
877 4077 1068 4138 satius
1087 4086 1216 4137 erat
1233 4077 1479 4138 barbam
1496 4096 1617 4138 non
1649 4096 1917 4140 sumere:
1968 4078 2068 4140 siti
2095 4078 2277 4152 enim,
2328 4078 2565 4159 opinor,
2622 4099 2839 4150 nnnc

467 4170 712 4232 miserm
738 4169 878 4230 mihi
897 4170 1194 4232 dissilient
1212 4169 1466 4232 viscera.
1551 4169 1777 4233 Pnax.
1819 4173 2005 4232 Estne
2026 4181 2289 4234 vestrum
2306 4172 2426 4233 alia
2463 4194 2607 4253 quae
2650 4179 2847 4243 velit
2978 4171 2981 4242 ἶ

469 4263 718 4326 dicere?
799 4264 912 4328 Mu
923 4284 983 4326 1..
1029 4264 1135 4324 IX.
1181 4265 1332 4345 Ego.
1403 4263 1640 4326 Pnax.
1682 4265 1821 4345 Age
1862 4284 2005 4346 ergo
2054 4283 2376 4328 coronare:
2424 4285 2520 4328 res
2562 4269 2849 4354 quippe
2979 4253 2981 4284 ³

462 4379 632 4420 -nunc
663 4357 856 4440 agitur
886 4379 901 4417 :
953 4358 1154 4437 daque
1182 4377 1421 4437 operam
1443 4369 1512 4418 ut
1540 4356 1781 4418 viriliter
1800 4368 1865 4419 et
1882 4360 2069 4440 probe
2096 4358 2284 4432 dicas,
2311 4357 2525 4420 baculo
2570 4361 2851 4431 decore
2979 4357 2981 4412 ἶ

468 4453 694 4515 innixa.
773 4449 956 4514 Mun.
1003 4451 1112 4512 lx,
1157 4451 1450 4532 Profecto
1473 4458 1763 4531 optassem
1788 4454 2118 4534 quempiam
2140 4471 2359 4526 eoram,
2388 4454 2493 4534 qai
2530 4454 2857 4524 dicendo
2979 4463 2981 4498 ῑ

469 4549 692 4609 assueti
715 4553 886 4621 sunt,
909 4566 980 4606 eo
1003 4544 1216 4618 dicere,
1245 4565 1381 4626 qm
1407 4548 1633 4628 optima
1654 4549 1813 4624 sint,
1834 4553 1907 4610 ut
1934 4545 2185 4610 sederes·
2208 4548 2466 4610 otiosus:
2490 4555 2564 4610 «ιε
2618 4571 2851 4631 ’ωηο
2978 4547 2981 4628 j
