3059 5059
1253 727 1950 824 VESPAE.

1057 1115 1565 1188 DRAMATIS
1636 1123 2138 1192 PERSONAE.

453 1261 672 1337 Sonti,
851 1265 1062 1426 }m3
1089 1308 1514 1374 Ρήἰιοοιωπϋ.
1796 1272 2041 1336 Putat.

449 1353 804 1430 Xurrnu,
1796 1367 2032 1427 Caum.

452 1446 877 1512 Bnnnrcnzo.
1796 1460 2085 1520 Munna
2114 1457 2461 1521 Pmunu.

445 1539 860 1607 Parmeno.
1800 1551 1936 1612 Vrn
1967 1554 2255 1621 annt
2286 1555 2707 1618 Accusat-ron.

449 1635 728 1699 Caunus
759 1637 998 1700 Sanun
1028 1639 1400 1702 Vnsrnttm
1431 1639 1661 1705 habitu.

1443 1801 1705 1878 [1—43]

446 1891 610 1984 Sos.
653 1917 822 1978 Heus
849 1925 939 1990 tu,
965 1913 1110 1996 quid
1135 1915 1310 1990 facis,
1331 1917 1539 1979 infelix
1567 1920 1877 1982 Xanthia?
1918 1922 2187 1982 Xan-ru.
2220 1923 2568 1985 Custodiam
2592 1943 2737 1987 noc-

441 2019 672 2070 turnam
703 2008 1024 2070 dissolvere
1055 2007 1244 2070 disco.
1310 2011 1453 2071 Sos,
1487 2011 1779 2092 Magnum
1808 2031 1951 2092 ergo
1976 2013 2283 2092 quoddam
2306 2015 2525 2076 mulum
2556 2017 2739 2080 debc-

439 2105 548 2164 bas
589 2103 870 2164 lateribus
911 2102 1053 2164 tuis.
1145 2104 1313 2162 Anne
1355 2104 1533 2165 etiam
1577 2107 1692 2166 scis
1734 2106 1969 2184 qualem
2008 2107 2415 2168 custodiamus
2458 2107 2737 2171 behem!

439 2195 708 2258 xima.
750 2197 920 2257 Scio:
965 2195 1072 2256 sed
1102 2195 1278 2276 cupio
1307 2197 1611 2276 paululum
1655 2199 1926 2260 dormire.
2010 2199 2149 2259 Sos.
2190 2199 2283 2260 Tu
2324 2185 2740 2282 vero'phricli-

435 2297 601 2357 tare3
647 2309 786 2349 nam
829 2299 891 2348 et
931 2287 1076 2349 meis
1121 2287 1308 2348 oculis
1343 2289 1469 2369 jam
1517 2290 1743 2370 aliquid
1800 2291 1977 2352 dulce
2036 2291 2377 2353 offunditur.
2463 2295 2732 2356 Xan-ru.

436 2379 714 2442 Profecto
741 2380 988 2454 insanis,
1023 2392 1128 2441 aut
1167 2382 1575 2462 Corybantum
1618 2403 1779 2444 more
1820 2385 2009 2445 furere
2051 2385 2284 2464 incipis.
2368 2385 2511 2446 Sos.
2556 2387 2733 2449 Non:

436 2475 540 2536 sed
567 2476 760 2556 gravis
787 2495 882 2536 me
937 2473 1072 2556 quis
1129 2491 1308 2554 sopor
1359 2475 1606 2538 incessit
1658 2495 1732 2538 ex
1791 2478 2061 2539 Sabazio.
2148 2481 2417 2540 Xan-n.
2460 2479 2732 2542 Eundem

433 2585 576 2648 ergo
605 2587 836 2631 mecum
862 2569 1011 2631 eolis
1051 2568 1381 2630 Sabazium.
1467 2569 1623 2630 Nam
1666 2580 1728 2631 et
1767 2571 1907 2630 mibi
1938 2570 2117 2632 modo
2158 2573 2327 2651 quasi
2366 2573 2557 2634 hostis
2596 2577 2731 2653 quis

433 2659 652 2724 Medus
703 2663 921 2723 invasit
969 2662 1306 2744 palpebras,
1356 2663 1569 2744 capitis
1598 2675 1913 2744 quassatur
1954 2683 2165 2745 sopor:
2218 2675 2279 2726 et
2326 2685 2469 2726 sane
2520 2667 2731 2728 mirum

435 2756 728 2817 somnium
779 2755 1065 2818 somniavi
1115 2755 1314 2816 modo.
1398 2757 1543 2819 Sos.
1586 2757 1665 2818 Et
1718 2777 1831 2837 ego
1896 2777 2080 2818 unum
2138 2769 2319 2832 certe,
2360 2759 2537 2838 quale
2576 2779 2733 2819 nun·-

430 2867 607 2929 quam
649 2849 922 2911 antehac.
1007 2847 1126 2910 Sed
1168 2860 1234 2909 tu
1275 2867 1450 2910 narra
1491 2851 1666 2932 prior.
1712 2923 1720 2930 ,
1758 2853 1858 2912 ΧΑ
1873 2871 2034 2912 ura.
2062 2851 2209 2912 Visa
2248 2859 2341 2912 est
2381 2851 2581 2933 aquila
2622 2852 2729 2913 de—

429 2943 639 3003 volans
680 2942 741 3001 in
787 2942 997 3015 sorum,
1023 2961 1242 3022 magna
1285 2941 1528 3024 oppid0,
1556 2963 1761 3024 rapere
1804 2945 2103 3026 unguibus
2144 2943 2419 3026 clypeum
2458 2953 2729 3019 eratum,

428 3045 492 3097 et
516 3035 722 3116 procul
749 3036 812 3094 in
837 3034 1050 3096 coelum
1079 3037 1306 3096 auferre
1331 3056 1348 3096 z
1387 3037 1605 3098 deinde
1634 3037 1799 3097 illum
1822 3038 2095 3118 clypeum
2124 3039 2287 3098 visus
2316 3048 2407 3100 est
2434 3037 2723 3118 abjecisse

427 3130 808 3210 Cleonymus.
891 3128 1027 3188 Sos.
1070 3128 1232 3188 Nihil
1255 3149 1396 3209 ergo
1427 3149 1464 3190 a
1504 3128 1713 3208 gripho
1755 3129 1953 3190 differt
1993 3130 2378 3211 Cleonymus.
2464 3131 2587 3201 Qun·
2605 3129 2725 3210 fit,

425 3241 641 3303 quaeso,
667 3219 899 3303 rogabit
927 3220 1140 3301 aliquis
1169 3221 1321 3282 inter
1347 3222 1629 3282 convivae
1656 3222 1953 3295 fabulam,
1973 3229 2043 3283 ut
2068 3243 2191 3283 una
2214 3224 2515 3303 eademque
2556 3223 2727 3284 belua

423 3316 493 3377 in
523 3326 686 3378 terra
712 3325 770 3376 et
797 3316 864 3375 in
885 3314 1025 3376 coelo
1051 3322 1110 3374 et
1133 3316 1200 3374 in
1223 3317 1375 3376 mari
1402 3315 1665 3394 clypeum
1684 3315 2009 3394 abjecerit?
2077 3315 2349 3376 Xan-1⁸11.
2395 3315 2510 3376 Hei
2542 3317 2721 3375 mihi!

423 3409 568 3492 quid
595 3429 738 3490 ergo
764 3406 904 3469 mali
930 3407 1162 3468 eveniet
1185 3407 1350 3480 mihi,
1377 3409 1477 3488 qui
1519 3407 1635 3469 tale
1675 3406 2031 3468 insomnium
2070 3407 2188 3468 vidi
2208 3405 2237 3465 ’ἒ
2322 3408 2459 3468 Sos.
2500 3407 2595 3466 Ne
2638 3407 2721 3468 sis

423 3503 710 3564 sollicitus
735 3522 751 3563 τ
793 3499 940 3562 nihil
969 3501 1124 3561 enim
1151 3500 1262 3562 erit
1289 3501 1451 3575 mali,
1475 3501 1565 3561 ita
1586 3519 1679 3560 me
1709 3509 1909 3562 ament
1936 3501 2041 3563 dii.
2127 3503 2397 3562 XAu‘ru.
2437 3501 2718 3562 Attamen

421 3594 614 3657 dirum
641 3605 733 3656 est
760 3613 933 3654 omen
959 3593 1136 3654 homo
1167 3593 1449 3674 abjiciens
1471 3613 1660 3656 arma.
1715 3595 1805 3653 Tu
1834 3612 1973 3655 vero
1995 3594 2119 3675 jam
2142 3603 2311 3655 tuum
2337 3614 2531 3655 narra.
2578 3597 2721 3660 Sos.

422 3690 545 3752 Sed
575 3700 671 3751 est
713 3686 912 3767 magni
955 3686 1278 3747 momenti:
1320 3707 1458 3748 nam
1499 3687 1579 3746 ad
1618 3695 1806 3748 totam
1848 3687 2191 3767 reipublicoe
2233 3705 2441 3748 navem
2486 3689 2719 3750 attinet.

419 3783 690 3844 Xan-ru.
741 3780 1004 3860 Propera
1048 3780 1227 3861 igitur
1269 3799 1593 3841 memorare
1648 3780 1909 3840 carinam
1956 3780 2111 3840 illius
2162 3779 2267 3840 rei.
2353 3781 2493 3841 Sos.
2536 3781 2719 3842 Visus

420 3897 552 3939 sum
589 3877 752 3939 circa
808 3875 1056 3954 primum
1117 3893 1387 3934 somnum
1427 3873 1629 3935 videre
1671 3873 2017 3934 concionem
2058 3873 2372 3934 sedentum
2412 3873 2474 3932 in
2515 3872 2717 3955 Pnyce

417 3969 736 4049 pecudum,
769 3967 1016 4028 baculos
1063 3967 1408 4028 habentium
1451 3977 1514 4027 et
1552 3966 1775 4046 pallia:
1818 3964 2033 4026 deinde
2074 3965 2227 4026 inter
2266 3965 2413 4027 istas
2452 3967 2715 4047 pecudes

416 4062 559 4124 mihi
598 4061 903 4123 videbatur
940 4061 1121 4120 verba
1157 4057 1350 4120 facere
1387 4058 1625 4120 balaena
1666 4059 1989 4132 omnivora,
2035 4077 2171 4138 quoe
2211 4077 2417 4120 vocem
2457 4059 2715 4122 habebat

418 4155 616 4216 obesoe
669 4153 817 4215 suis.
928 4155 1198 4214 Xan-11.
1240 4152 1372 4211 Au!
1483 4153 1625 4222 Soa.
1669 4151 1829 4222 Quid
1884 4150 2024 4212 est?
2123 4153 2393 4213 Xan-ru.
2462 4151 2710 4226 Desine,

422 4247 668 4317 desine3
709 4267 786 4307 ne
845 4265 1038 4308 narra.
1120 4244 1388 4306 Pessime
1435 4245 1559 4306 olet
1612 4243 1969 4308 insomnium
2022 4244 2183 4305 istud
2225 4255 2493 4324 putorem
2546 4247 2714 4306 corii.

419 4341 560 4402 Sos·
603 4338 837 4402 Deinde
863 4340 1090 4421 impura
1113 4337 1215 4399 illa
1241 4339 1476 4398 balaena
1499 4340 1779 4402 trutinam
1808 4349 2041 4412 tenens,
2084 4338 2365 4399 bubulum
2409 4337 2711 4418 appende·

417 4437 524 4496 bat
576 4434 832 4514 adipem.
945 4435 1213 4494 Xaurn.
1257 4431 1370 4494 Hei
1431 4431 1571 4492 mihi
1629 4433 1871 4494 misero!
1928 4429 2209 4512 populum
2264 4439 2529 4490 nostrum
2584 4431 2714 4492 vult

417 4527 763 4590 distrahere.
847 4527 986 4588 Sos.
1029 4524 1356 4588 Videbatur
1383 4535 1577 4588 autem
1610 4525 1749 4588 mihi
1776 4525 2039 4586 Theoi-us
2070 4542 2254 4606 prope
2279 4523 2441 4586 humi
2480 4524 2709 4596 sedere,
