3059 5059
440 369 576 429 ,254
847 378 856 383 ·
1175 356 1969 423 amet-ornante
2308 362 2751 443 [mo-..11⁷0

450 496 583 576 ejus
621 492 861 573 plumbo
911 488 1204 553 malleolis
1243 486 1604 549 circumfuso
1648 488 2037 565 muniveritis,
2087 490 2570 574 superimponere
2614 490 2755 555 loeo

447 584 752 667 ampullae.
832 582 1047 647 Cnoa.
1111 583 1342 657 (Deest
1391 580 1576 643 Clam-i
1624 578 1990 656 cantilena)
2074 582 2246 645 Fax.
2302 584 2564 649 Felicem
2610 602 2753 649 vero

437 680 708 741 Atticum
734 676 1052 758 populum:
1109 694 1205 737 me
1232 692 1470 754 quoque
1495 690 1615 733 non
1644 673 1840 735 minus
1862 674 2089 737 felicem
2111 696 2130 746 ς
2168 676 2373 739 beram
2398 696 2747 741 veromente

443 771 624 849 longe
643 768 927 833 .omnium
974 767 1408 831 felicissimam!
1493 766 1621 827 Vos
1664 786 1903 847 quoque
1948 766 2155 831 felices
2190 770 2361 844 estis,
2392 788 2529 850 quea
2573 770 2749 850 juxta

439 863 602 925 fores
627 872 862 923 nostres
891 859 1139 935 adestis,
1164 859 1460 939 vicinique
1481 877 1691 921 omnes
1718 869 1781 921 et
1801 860 2117 942 populares
2144 863 2367 925 nostri:
2422 863 2567 925 felix
2602 880 2745 925 cnm

442 955 562 1015 illis
607 972 722 1033 ego
761 972 1002 1035 quoque
1027 952 1270 1027 ancille,
1298 972 1434 1032 qum
1463 962 1651 1032 caput
1674 952 1923 1031 perunxi
1950 956 2297 1033 unguentis,
2326 973 2439 1035 pro
2474 954 2747 1033 Jupiter!

441 1056 514 1107 ut
549 1048 756 1107 bonis!
798 1046 906 1112 sed
933 1046 1054 1107 ista
1077 1044 1280 1107 omnia
1319 1045 1498 1126 longe
1540 1044 1837 1125 longeque
1872 1056 2157 1127 superent
2196 1046 2563 1126 amphorulm
2602 1045 2741 1107 vino

427 1138 662 1200 Thasio
685 1138 912 1221 plenoe:
939 1137 1116 1219 hujus
1145 1137 1300 1199 enim
1321 1137 1561 1200 odorio
1588 1138 1785 1217 capite
1814 1136 2039 1201 diutius
2076 1154 2383 1201 remanet:
2411 1138 2516 1201 illa
2538 1148 2741 1201 aum

439 1232 865 1293 marcescentia
891 1230 1012 1292 cito
1037 1238 1425 1293 evanescunt.
1503 1230 1765 1293 Proinde
1791 1231 2003 1303 multo,
2032 1241 2097 1293 at
2120 1250 2301 1311 quam
2327 1232 2539 1303 multo,
2556 1249 2597 1291 ο
2614 1229 2739 1291 dii!

435 1323 710 1386 meliores
738 1334 880 1384 aunt
906 1322 1295 1403 amphorulae.
1379 1322 1637 1384 Infunde
1664 1342 1809 1402 ergo
1836 1342 2083 1395 merum,
2110 1334 2239 1385 tota
2258 1334 2437 1385 nocte
2450 1322 2739 1385 letiorem

427 1434 532 1479 ‚me
558 1415 790 1488 reddet,
811 1416 1010 1476 vinum
1035 1414 1184 1477 illud
1211 1416 1463 1495 eligens,
1488 1415 1653 1495 quod
1674 1416 1925 1477 maxime
1964 1414 2279 1477 odoratum
2319 1416 2421 1477 sit.
2500 1414 2647 1487 Sed.
2698 1433 2737 1477 o

435 1508 733 1581 mulieres,
760 1508 938 1569 dicite
979 1508 1124 1569 mihi
1163 1508 1372 1572 herum
1409 1526 1626 1579 meum,
1661 1508 1933 1569 maritum
1980 1507 2241 1569 domino
2280 1526 2453 1581 meo,
2494 1507 2597 1568 ubi
2637 1505 2737 1567 sit.

438 1598 656 1663 Onon.
699 1600 842 1663 Istic
895 1602 948 1660 si
997 1619 1262 1674 maneas,
1305 1599 1480 1665 nobis
1515 1600 1731 1663 videris
1768 1619 1905 1663 eum
1958 1610 2279 1681 repertura.
2362 1600 2535 1661 Fut.
2576 1598 2737 1659 Sene

431 1711 612 1765 vero,
593 1715 609 1733 ·
655 1712 794 1754 nam
821 1710 1032 1754 eccum
1055 1692 1132 1755 ad
1165 1710 1396 1755 coenam
1418 1692 1600 1753 venit.
1682 1693 1737 1753 Ο
1764 1692 1927 1766 here,
1955 1711 1994 1754 o
2021 1692 2343 1763 fortunate,
2362 1702 2425 1753 et
2448 1692 2734 1753 terbeate.

433 1784 606 1845 Ηιιιι.
648 1785 902 1865 Egone?
984 1784 1156 1845 Fau.
1201 1786 1359 1846 Sane
1401 1794 1637 1846 ecastor
1675 1794 1741 1845 tu
1768 1783 2033 1865 quidem,
2064 1795 2132 1845 nt
2164 1804 2341 1847 nemo
2386 1784 2567 1845 alius.
2646 1784 2735 1845 Te

421 1876 590 1939 enim
610 1878 748 1983 quia
777 1878 928 1939 nlius
956 1878 1176 1940 existat
1194 1878 1384 1957 magis
1410 1876 1659 1951 beatior,
1686 1876 1809 1958 qui,
1831 1896 2014 1957 quum
2040 1877 2241 1957 plures
2279 1877 2521 1958 triginta
2558 1875 2737 1937 milli·

429 1968 544 2029 bus
565 1968 786 2031 civium
815 1970 876 2029 in
905 1970 1050 2029 urhe
1075 1972 1214 2041 sint,
1243 1969 1410 2031 solus
1437 1981 1638 2031 temen
1678 1988 1757 2029 ex
1798 1968 1915 2029 illis
1959 1969 2299 2051 impransus
2340 1988 2429 2031 es.
2512 1968 2733 2029 Cnon.

429 2058 682 2121 Prorsus
719 2059 950 2125 felicem
991 2061 1290 2123 hominem
1335 2082 1563 2121 narras.
1649 2060 1824 2121 Fau.
1866 2061 2003 2129 Quo
2050 2059 2340 2121 tandem?
2386 2078 2509 2140 quo
2562 2058 2735 2121 nbis?

431 2151 604 2216 Ηιιιι..
643 2151 742 2211 Ad
767 2170 1019 2215 conam.
1103 2153 1277 2213 Fau.
1319 2152 1500 2222 Sane,
1529 2168 1633 2227 per
1659 2149 1975 2222 Venerem,
1996 2150 2177 2229 longe
2202 2152 2465 2213 omnium
2498 2164 2731 2232 postre-

425 2262 581 2307 mus.
659 2244 881 2303 Tamen
909 2243 1096 2323 jussit
1137 2260 1232 2303 me
1285 2242 1430 2303 bera
1471 2251 1540 2300 ut
1582 2252 1641 2301 te
1686 2240 2080 2315 adsumet-em,
2122 2254 2185 2302 et
2222 2261 2341 2303 una
2379 2252 2575 2303 tecum
2616 2242 2731 2305 Ιιιι

414 2335 658 2416 ,puellas
686 2330 984 2397 ducerem.
1066 2334 1204 2395 Vini
1229 2343 1428 2395 autem
1454 2332 1587 2393 Chii
1614 2332 1791 2413 copia
1818 2352 2039 2414 magna
2064 2334 2269 2395 relicta
2294 2344 2413 2407 est,
2436 2344 2499 2395 et
2522 2334 2728 2397 nult·

415 2427 560 2493 ‚eliae
587 2446 681 2489 rea
703 2430 902 2489 bonoe.
985 2428 1193 2508 Itaque
1221 2446 1298 2488 ne
1337 2426 1609 2487 cessetis.
1689 2426 1842 2487 Tum
1860 2426 1911 2487 si
1938 2426 2071 2507 quis
2114 2436 2516 2507 spectatorum
2552 2427 2727 2489 nobis

424 2520 604 2592 favet,
647 2532 710 2581 et
723 2520 990 2600 judicum
1009 2519 1067 2585 ,si
1088 2521 1222 2600 quis
1243 2538 1362 2580 non
1391 2518 1579 2592 aliud,
1602 2536 1778 2599 qnam
1798 2518 1923 2598 jus,
1966 2518 2229 2599 respicit,
2283 2519 2484 2579 veniat
2524 2518 2729 2579 nobis·

421 2630 594 2673 cum:
650 2632 786 2672 nam
808 2612 880 2678 iis
907 2613 1106 2674 omnia
1123 2611 1536 2693 prmbebimus.
1622 2612 1831 2691 Itaque
1854 2611 2015 2691 quod
2038 2610 2191 2684 dico,
2212 2612 2531 2673 liberaliter
2556 2611 2725 2675 dices
2762 2684 2769 2693 ,

421 2704 718 2777 omnibus,
747 2716 810 2767 et
835 2724 980 2767 cave
1005 2722 1357 2785 quemquam
1381 2705 1649 2766 omiseris
1670 2724 1688 2773 ς
1712 2702 1819 2765 sed
1836 2704 2055 2785 passim
2081 2722 2234 2765 voca
2254 2722 2453 2775 senes,
2488 2702 2727 2767 adoles-

421 2806 650 2871 centea,
703 2817 917 2877 pueros
934 2818 962 2866 ς·
1039 2817 1178 2858 nam
1225 2798 1370 2877 ipsis
1415 2817 1587 2859 coena
1634 2807 1842 2877 parata
1882 2806 1981 2857 est
2024 2798 2265 2857 omnino
2322 2797 2617 2869 omnibus,
2670 2800 2725 2859 si

419 2908 632 2969 nempe
678 2890 930 2971 quisque
973 2889 1214 2951 domum
1259 2910 1428 2951 sunm
1475 2891 1707 2953 abio-it.
1790 2888 2009 2951 Cnon.
2050 2890 2194 2969 Ipsa
2228 2900 2427 2951 autem
2470 2888 2601 2969 jam
2642 2889 2723 2951 ad

419 3000 650 3043 coenam
677 2983 996 3055 festinabo,
1017 2984 1173 3045 benc
1201 2982 1392 3044 fecem
1415 2982 1661 3061 pulchre
1688 2992 1751 3041 et
1768 2979 1985 3049 decore
2012 3000 2193 3043 manu
2212 2992 2484 3061 gestans.
2524 2982 2609 3043 At
2633 2990 2723 3053 tn,

417 3093 648 3153 quoeso,
679 3075 823 3154 qnid
853 3076 936 3137 ita
961 3086 1264 3146 cunctere,
1319 3093 1512 3154 neque
1550 3085 1745 3135 tecum
1802 3073 1976 3135 ducis
2034 3073 2145 3135 has
2198 3072 2478 3153 puellas?
2558 3074 2721 3135 Dum

419 3174 618 3227 autem
669 3167 798 3247 ipse
853 3166 1211 3239 descendas,
1263 3186 1378 3247 ego
1433 3167 1729 3229 canticum
1778 3166 2049 3227 accinam
2102 3164 2345 3245 aliquod
2398 3166 2719 3227 emnaturis

417 3270 645 3339 aptum.
725 3259 900 3319 Nunc
918 3258 1154 3339 judices
1179 3258 1403 3338 aliquid
1431 3276 1669 3321 monere
1696 3258 1854 3333 volo,
1880 3268 1947 3319 ut
1974 3259 2077 3338 qui
2114 3258 2268 3320 inter
2306 3257 2443 3319 illos
2480 3258 2719 3339 sepien-

417 3359 507 3411 tes
538 3359 701 3422 sunt,
725 3350 802 3414 de
831 3370 924 3413 me
953 3352 1248 3428 judicent,
1275 3370 1476 3413 eorum
1503 3370 1817 3425 memores,
1841 3372 1977 3431 quae
2004 3352 2306 3433 sapienter
2342 3350 2509 3413 dicta
2544 3370 2585 3411 a
2620 3370 2717 3413 me

414 3441 770 3503 audierunt:
824 3454 948 3504 tum
971 3458 1040 3505 ut
1068 3445 1170 3523 qui
1198 3443 1466 3507 lubenter
1494 3443 1709 3516 rident,
1736 3444 1775 3504 ii
1814 3444 1893 3505 de
1940 3462 2037 3505 me
2078 3444 2377 3523 judicent,
2428 3462 2721 3507 memores

417 3551 596 3613 quam
625 3534 834 3595 festive
875 3546 936 3595 et
975 3535 1218 3597 ridicule
1271 3537 1460 3597 multa
1505 3535 1875 3617 protulerim.
1961 3537 2192 3616 Itaque,
2250 3536 2310 3597 ni
2350 3536 2543 3607 fallor,
2594 3537 2719 3597 fere

417 3645 624 3688 omnes
641 3627 718 3687 de
745 3648 838 3687 me
865 3628 1014 3689 ferre
1037 3629 1388 3691 sententiam
1399 3628 1607 3709 jubeo.
1691 3628 1905 3708 Neque
1928 3629 2101 3690 nobis
2128 3629 2309 3702 obsit,
2335 3628 2499 3709 qnod
2518 3628 2717 3691 ductis

415 3718 674 3779 sortibus
691 3720 864 3799 primi
887 3720 1305 3801 prodierimus,
1287 3741 1304 3758 ·
1363 3721 1472 3783 sed
1503 3740 1608 3783 eon
1629 3722 1839 3783 horum
1868 3720 2131 3783 omnium
2156 3738 2449 3783 memores
2488 3719 2715 3781 conde-

415 3822 534 3883 cet,
561 3823 794 3873 servata
809 3812 1194 3892 jurisjurandi
1217 3814 1358 3887 fide,
1397 3814 1475 3875 de
1516 3814 1729 3875 Choria
1772 3832 2005 3893 semper
2040 3834 2117 3875 ex
2166 3813 2379 3875 merito
2416 3812 2713 3893 judicare,

417 3922 610 3981 neque
627 3902 1022 3983 improbarum
1049 3908 1418 3969 meretricum
1445 3925 1667 3969 morem
1688 3906 1923 3978 imitari,
1959 3924 2098 3985 quo
2138 3924 2372 3987 semper
2412 3916 2715 4010 postrema

415 4004 646 4055 tontum
675 3998 1025 4065 benefacta
1011 4018 1070 4061 in
1097 3999 1380 4059 memorie
1406 3998 1653 4061 habent.
1713 3999 1791 4073 Ο,
1816 4016 1879 4071 ο,
1906 4016 2067 4061 ιιιιιιο
2092 4007 2328 4079 tempus
2356 4008 2473 4072 est,
2502 3998 2709 4059 amic·

415 4086 715 4161 mulieres,
741 4089 792 4149 si
821 4108 942 4154 rem
973 4110 1145 4170 agere
1183 4092 1480 4163 volumus,
1521 4092 1837 4155 subsultim
1876 4090 1961 4153 ad
2004 4110 2233 4153 cenam
2275 4090 2400 4151 ire·
2472 4088 2711 4151 Cretico

411 4178 591 4257 igitur
619 4181 890 4261 rhythmo
915 4202 1082 4245 move
1109 4196 1170 4245 tn
1201 4184 1408 4264 pedes.
1489 4185 1656 4247 Seu.
1696 4184 1831 4247 Hoc
1852 4203 2090 4264 quoqne
2110 4182 2289 4247 facio.
2370 4184 2589 4245 Cnon.
2632 4181 2713 4241 Et

411 4270 524 4333 bas
551 4291 790 4353 quoque
815 4274 974 4339 leves
1003 4276 1146 4356 agili
1170 4298 1338 4340 crure
1368 4278 1444 4339 ad
1475 4278 1815 4359 rhythmum
1840 4278 2081 4345 moveri.
2164 4274 2321 4339 Nam
2360 4294 2500 4337 mox
2522 4273 2711 4357 adpo-

413 4374 628 4427 nentur
679 4377 896 4445 ostrea,
939 4368 1322 4446 adsumente,
1377 4370 1783 4453 cartilaginosi
1836 4370 2053 4453 pinea,
2106 4367 2391 4443 mustelli,
2440 4364 2709 4449 reliqui-
