3059 5059
328 399 679 478 rso-soe]
1256 397 1663 467 nurus,
2321 392 2330 398 '
2509 410 2624 473 sm

320 529 555 593 videns.
640 531 775 611 Ego
800 540 999 595 autem
1015 528 1213 611 plausi
1239 550 1361 611 prm
1390 529 1634 613 gaudio,
1661 528 1988 615 herumque
2015 534 2282 599 excitavi.
2363 537 2448 600 At
2473 536 2624 603 deus

320 623 525 685 statim
552 643 623 685 se
650 626 968 689 abscondit
988 624 1220 705 ipsique
1248 635 1556 706 serpentes
1581 626 1646 687 in
1682 625 2012 689 delubrum.
2095 628 2214 698 Qui
2233 638 2428 691 autem
2453 632 2629 711 juxta

232 734 247 750 ·
317 716 513 797 ipsum
536 719 859 794 cubabant,
882 730 1245 800 quantopere
1272 717 1621 781 existimas?
1695 720 1938 783 Plutum
1959 720 2214 801 amplexi
2235 735 2396 796 sunt,
2417 736 2480 785 et
2498 737 2628 789 tota

318 821 501 871 nocte
518 810 862 891 vigilarunt,
892 811 1223 893 usquedum
1246 810 1459 875 illuxit.
1526 812 1658 893 Ego
1687 814 1886 875 autem
1913 813 2232 876 laudabam
2251 815 2430 877 deum
2457 837 2627 881 max·-

318 902 609 983 imopere,
640 905 801 985 quod
826 905 947 967 cito
973 905 1215 967 Plutum
1244 904 1487 967 fecisset
1512 905 1836 981 videntem,
1863 906 2214 969 Neoclidem
2256 928 2398 971 vero
2435 910 2627 991 magis

314 997 567 1059 fecisset
592 1018 843 1061 coeeum.
926 1000 1109 1059 Mur..
1149 998 1449 1067 Quantam
1494 998 1680 1061 babes
1729 1000 2076 1080 potentiam,
2123 1021 2162 1061 o
2207 1020 2312 1062 rex
2347 1001 2625 1065 domine!

316 1090 441 1153 Sed
464 1090 567 1153 dic
594 1092 761 1165 mihi,
788 1092 889 1154 ubi
916 1102 1011 1155 est
1040 1090 1294 1155 Plutus?
1378 1092 1550 1155 Can.
1591 1093 1792 1154 Venit.
1871 1094 2090 1155 Verum
2115 1094 2277 1157 circa
2323 1115 2459 1156 eum
2497 1107 2629 1159 erat

316 1184 612 1245 immensa
637 1185 938 1249 hominum
968 1186 1160 1247 turba.
1244 1183 1363 1253 Qui
1398 1186 1556 1247 enim
1605 1185 1766 1266 prius
1798 1185 1948 1266 justi
1989 1186 2242 1262 fuerant,
2285 1188 2625 1270 victumque

314 1276 653 1339 habuerant
670 1277 991 1349 modicum,
1017 1277 1213 1355 ipsum
1235 1278 1745 1358 amplexabantur,
1771 1280 2226 1361 salutabantque
2247 1300 2452 1343 omnes
2479 1300 2628 1362 gau·

316 1369 417 1429 dio
444 1370 709 1450 perfusi:
755 1370 1094 1449 quicunque
1122 1379 1320 1429 autem
1347 1367 1586 1431 fuerant
1612 1371 1846 1446 divites,
1865 1392 2132 1453 opesque
2158 1372 2376 1435 multas
2401 1374 2628 1437 habue-

314 1472 475 1534 rant,
521 1472 589 1523 et
627 1462 849 1523 victum
898 1459 1011 1521 sibi
1036 1459 1263 1539 injusta
1288 1458 1514 1521 ratione
1543 1464 2000 1543 acquisiverant,
2039 1465 2354 1544 supercilia
2389 1478 2626 1529 contra-

316 1554 567 1627 hebant,
588 1554 935 1633 vultumque
962 1572 1087 1632 prm
1116 1570 1179 1613 se
1207 1552 1477 1614 ferebant
1494 1556 1788 1617 tetricum.
1871 1557 1966 1617 llli
1988 1568 2183 1619 autem
2208 1576 2366 1638 pone
2411 1578 2626 1638 seque-

314 1648 557 1722 bantur,
611 1648 787 1707 sertis
840 1644 1119 1720 redimiti,
1162 1643 1446 1718 ridentes,
1494 1647 1656 1707 bona
1705 1648 1886 1709 verba
1937 1646 2243 1711 dicentes:
2271 1654 2631 1730 personabat

314 1752 515 1805 sutem
546 1739 789 1803 calceus
836 1758 1065 1813 senum,
1114 1740 1177 1799 in
1226 1756 1534 1801 numerum
1587 1739 1934 1821 compositis
1983 1740 2286 1821 gressibus
2339 1743 2625 1807 euntium.

314 1833 437 1895 Sed
462 1834 561 1895 eia
586 1852 793 1895 omnes
822 1833 1043 1913 pariter
1067 1850 1191 1893 uno
1210 1830 1449 1893 ordines
1470 1835 1705 1906 saltate,
1733 1833 2074 1913 tripudiate,
2095 1834 2344 1897 choreas
2383 1835 2626 1899 ducite:

314 1946 498 1989 nemo
522 1926 684 1987 enim
708 1926 879 1987 vobis
905 1924 1149 1989 domum
1180 1925 1465 2006 ingressis
1494 1926 1810 2000 nuntiabit,
1855 1926 2104 1989 farinam
2149 1946 2274 1989 non
2321 1928 2520 1991 inesse
2561 1930 2624 1989 in

313 2040 522 2084 sacco.
604 2020 787 2083 Mun.
816 2020 1119 2100 Equitem,
1144 2020 1231 2081 ita
1250 2018 1392 2081 mihi
1424 2019 1654 2083 Hecate
1675 2019 1932 2101 propitia
1951 2020 2051 2095 sit,
2073 2020 2210 2083 volo
2235 2038 2518 2083 coronare
2545 2031 2626 2098 te,

300 2116 392 2181 ,ob
418 2114 630 2177 letum
656 2113 950 2187 nuntium,
970 2132 1193 2193 panum
1220 2112 1654 2175 clibanitiorum
1695 2112 1870 2185 serie,
1909 2110 2014 2193 qui
2055 2112 2200 2178 talia
2239 2115 2624 2181 nuntiaveris.

314 2208 489 2269 Can.
546 2208 643 2269 Ne
668 2226 813 2286 ergo
832 2218 1119 2271 cunctare
1138 2204 1431 2288 amplius:
1469 2206 1598 2286 jam
1624 2207 1782 2268 enim
1809 2205 1916 2269 viri
1938 2205 2162 2268 adsunt
2183 2226 2366 2289 prope
2387 2207 2626 2271 ostium.

314 2298 501 2364 Eur..
542 2301 679 2381 Age
700 2320 837 2363 vero
866 2299 1108 2363 domum
1135 2299 1429 2381 ingressa,
1456 2300 1698 2363 afferam
1725 2299 1993 2374 bellaria,
2019 2308 2306 2380 tanquam
2327 2301 2390 2361 in
2415 2320 2624 2365 recens

314 2406 509 2457 emtos
522 2394 733 2457 oculos
750 2392 1135 2457 effundenda.
1178 2394 1351 2456 Can.
1378 2392 1509 2474 Ego
1526 2402 1722 2457 autem
1741 2392 1976 2455 obviam
1989 2392 2310 2473 procedere
2325 2392 2444 2455 illis
2461 2394 2622 2457 volo.

316 2488 533 2549 Cnon.
564 2488 795 2563 (Deest
824 2487 1006 2555 Cluen·
1032 2486 1481 2562 contiuncula.)
1551 2486 1758 2547 Pnnr.
1789 2486 1870 2549 Et
1891 2485 2132 2567 quidem
2149 2484 2402 2567 primum
2429 2488 2626 2551 saluto

312 2580 540 2655 Solem,
564 2579 787 2643 deiude
812 2580 989 2643 almm
1014 2578 1277 2641 Palladis
1298 2580 1590 2662 inclytum
1617 2579 1834 2655 solum,
1859 2579 2312 2661 universamque
2339 2580 2626 2661 Cecropis

310 2675 639 2755 regionem,
656 2694 793 2754 qum
818 2693 913 2735 me
930 2674 1187 2753 excepit.
1232 2673 1432 2735 Pudet
1452 2685 1654 2737 autem
1675 2692 1772 2735 me
1797 2673 2052 2735 miserim
2071 2692 2245 2736 mem.
2285 2672 2469 2735 Mene
2485 2692 2624 2735 cum

310 2764 655 2829 istiusmodi
704 2766 1041 2829 hominibus
1097 2766 1353 2828 inscium
1406 2766 1780 2829 convixisse!
1854 2766 1994 2829 illos
2035 2776 2272 2847 pentem,
2313 2768 2418 2847 qui
2457 2766 2625 2849 digni

300 2870 485 2929 ,erant
536 2878 673 2923 meo
708 2860 1033 2932 consortio,
1089 2858 1360 2940 fugitavi,
1396 2860 1660 2922 omnium
1705 2876 1894 2921 rerum
1937 2859 2206 2937 ignarus,
2257 2876 2374 2938 ego
2426 2860 2624 2923 miser.

312 2952 510 3023 Quam
552 2952 709 3014 male
736 2961 1053 3034 utrumque
1100 2952 1259 3014 feci!
1302 2952 1412 3015 sed
1462 2953 1740 3015 omnibus
1787 2951 1850 3011 in
1895 2950 2256 3011 contrarium
2299 2954 2623 3029 conversis,

308 3044 625 3107 ostendam
656 3044 939 3127 deinceps
968 3046 1201 3107 cunctis
1226 3045 1584 3118 hominibus,
1613 3060 1792 3124 quam
1819 3042 2038 3101 invitus
2068 3060 2162 3101 me
2185 3042 2380 3121 ipsum
2406 3044 2624 3126 impro-

308 3138 401 3201 bis
448 3137 819 3201 tradiderim.
904 3138 1180 3200 Cannu.
1223 3138 1478 3200 Facesse
1523 3136 1588 3196 in
1645 3130 1864 3193 malam
1909 3150 2053 3194 rem.
2137 3131 2336 3203 Quam
2387 3137 2624 3201 molesti

310 3242 455 3293 sunt
474 3230 675 3304 amici,
702 3230 1025 3311 quistatim
1052 3237 1341 3311 apparent
1364 3228 1658 3307 protinus,
1695 3244 1882 3303 quum
1927 3224 2062 3305 quis
2109 3245 2400 3308 prospera
2437 3232 2624 3295 utitur

308 3324 587 3387 sonuum
652 3324 887 3387 Etenim
932 3322 1219 3397 fodicant,
1245 3330 1309 3382 et
1335 3319 1507 3383 tibias
1540 3318 1778 3390 fricant,
1805 3316 2180 3383 declarantes
2205 3322 2618 3404 unusquisque

300 3414 789 3479 benevolentiam
810 3414 1146 3497 qnamdam.
1232 3412 1385 3473 Nam
1407 3410 1542 3491 quis
1565 3430 1662 3473 me
1693 3429 1814 3473 nou
1839 3410 2164 3475 salutavit?
2217 3432 2496 3495 quasnam
2521 3436 2618 3481 me

308 3509 369 3573 in
394 3510 537 3573 foro
564 3528 686 3573 nou
706 3506 1099 3571 circumdedit
1124 3504 1330 3567 senilis
1358 3502 1576 3565 turba?
1659 3504 1842 3565 Mur..
1883 3505 2206 3569 carissime
2225 3509 2336 3584 vir,
2363 3518 2428 3571 et
2447 3520 2516 3572 tu
2557 3520 2623 3573 et

306 3616 373 3669 tu
400 3606 653 3669 salvete.
735 3602 869 3683 Age
888 3599 1265 3676 nunc,1noris
1294 3597 1451 3661 enim
1473 3606 1590 3672 est,
1609 3596 1854 3661 bellaria
1891 3596 2010 3660 ista
2059 3619 2290 3665 sumam
2337 3611 2402 3663 et
2443 3613 2504 3665 te
2543 3604 2618 3667 iis

306 3697 690 3780 perfundam.
804 3696 1011 3757 Pwr.
1078 3694 1501 3773 Nequaquam.
1611 3690 1718 3752 Me
1767 3690 1926 3753 enim
1975 3691 2248 3773 primum,
2299 3706 2618 3777 postquam

306 3794 503 3853 visum
571 3785 789 3867 recepi,
843 3786 1083 3849 domum
1142 3784 1533 3866 ingrediente,
1587 3784 1736 3849 nibil
1781 3783 1986 3847 efferre
2034 3786 2230 3863 decet,
2269 3789 2380 3851 sed
2416 3792 2614 3874 potius

306 3884 549 3947 inferre.
656 3880 839 3941 Mur..
910 3879 1081 3949 Itane
1134 3898 1257 3939 non
1306 3877 1566 3958 accipies
1615 3876 1862 3939 bellaria
1901 3878 2086 3941 hnc?
2169 3880 2378 3945 Pnn'r.
2447 3886 2616 3947 Intus

304 3974 555 4056 quidem
584 3970 745 4053 apud
767 3971 992 4045 focum,
1029 3972 1115 4033 uti
1154 3990 1285 4033 mos
1326 3981 1441 4033 est.
1526 3970 1825 4033 Praeterea
1867 3971 2192 4038 irrisionem
2241 3975 2332 4039 sic
2375 3997 2616 4060 quoque

302 4068 655 4131 vitabimus.
738 4064 877 4127 Nou
902 4062 1061 4127 enim
1088 4064 1265 4129 decet
1286 4065 1529 4145 poetam
1556 4064 1782 4126 caricas
1809 4074 1872 4127 et
1893 4064 2144 4129 bellaria
2181 4072 2614 4150 spectatoribus

306 4160 625 4243 projicere,
665 4166 729 4221 et
774 4158 906 4221 istis
958 4177 1061 4221 eos
1108 4158 1189 4219 ad
1222 4156 1407 4221 risum
1448 4156 1822 4238 compellere.
1906 4159 2089 4223 Mur..
2133 4160 2324 4225 Recte
2371 4183 2616 4245 prorsus

308 4266 619 4317 autumas.
689 4252 847 4317 Nam
866 4270 1007 4321 ecce
1034 4250 1363 4315 Dexinicus
1386 4250 1499 4315 iste
1518 4250 1648 4332 jam
1675 4252 1948 4328 surrexit,
1965 4262 2252 4335 tanquam
2275 4266 2613 4339 arrepturus

308 4348 571 4411 caricas.
654 4346 873 4411 Onon.
920 4346 1149 4423 (Dmt
1174 4347 1473 4410 mrim
1502 4344 1746 4421 Ultori.)

388 4442 571 4505 Can.
615 4440 811 4511 Quam
836 4458 1021 4503 snare
1044 4448 1163 4513 est,
1189 4459 1228 4502 o
1268 4439 1397 4515 viri,
1444 4458 1570 4503 rem
1625 4437 1872 4501 feliciter
1909 4458 2134 4523 gerere,
2141 4438 2510 4522 presertim
2555 4440 2610 4501 si

316 4534 467 4599 nihil
495 4534 679 4595 domo
705 4534 1013 4600 extuleris.
1086 4532 1279 4599 Nobis
1304 4534 1461 4616 enim
1486 4535 1778 4597 bonorum
1799 4554 2048 4599 acervus
2071 4536 2130 4597 in
2159 4534 2402 4597 domum
2427 4532 2615 4613 irruit,

490 4627 691 4689 Arist.
722 4628 866 4693 Lat.
2332 4628 2370 4684 2
2413 4627 2464 4687 C
