3059 5059
416 421 565 479 '124
1168 407 1966 480 ARISTOPHANIS
2385 418 2734 494 [337-391

443 549 556 610 hos
584 566 721 609 vero
750 564 923 608 senes
950 567 1187 628 aequum
1214 549 1357 611 mihi
1386 549 1618 612 videtur
1643 567 1803 620 nunc
1831 549 1974 608 dare
2017 563 2244 628 poenas,
2273 557 2335 607 et
2375 547 2678 611 dilacerari
2699 569 2740 610 a

440 643 635 703 nobis.
716 641 950 703 Prsrn.
989 641 1069 702 Ut
1096 641 1275 721 igitur
1294 643 1608 723 periimus!
1691 643 1898 703 Eum..
1943 641 2146 702 Causa
2177 652 2242 700 tu
2281 640 2524 721 quidem
2565 643 2736 702 nobis

440 755 507 796 es
534 737 777 795 istorum
805 735 1092 796 malorum
1122 735 1271 797 sola.
1354 737 1549 806 Quam
1577 737 1733 796 enim
1789 738 1865 796 ob
1921 755 2041 796 rem
2099 753 2193 794 me
2245 733 2386 796 inde
2439 735 2738 795 abduxti?

444 829 676 889 Prs'rn.
706 829 791 888 Ut
830 849 925 889 me
969 829 1319 908 sequereris.
1402 831 1610 890 Eum„
1655 831 1738 890 Ut
1779 828 2053 908 equidem
2096 828 2294 908 potius
2342 827 2737 910 maximopere

440 921 693 1001 plorem.
778 921 1008 983 szrn.
1062 923 1151 983 Ea
1194 941 1337 983 sane
1391 923 1453 982 in
1508 943 1572 982 re
1623 922 1842 984 deliras
1889 920 2082 986 valde.
2165 919 2373 983 Eunt..
2431 921 2740 990 Quidum?

448 1013 681 1074 P1srrr.
707 1012 977 1074 Plorabis
1005 1014 1251 1088 scilicet,
1279 1018 1327 1076 si
1358 1015 1540 1076 semel
1573 1016 1730 1076 oculi
1757 1015 1861 1075 tibi
1887 1013 2104 1074 fuerint
2131 1015 2336 1076 excisi.
2407 1015 2625 1076 Cnon.
2647 1015 2738 1088 Io,
2787 1067 2806 1084 ,

444 1107 524 1181 io,
550 1107 723 1181 irrue,
772 1108 865 1168 fac
890 1107 1165 1168 hostilem
1204 1108 1487 1190 impetum
1533 1118 1596 1169 et
1643 1107 1902 1180 letalem,
1950 1108 2196 1187 alasque
2225 1107 2440 1168 simul
2424 1128 2646 1188 ingere,
2675 1118 2741 1168 et

446 1200 841 1280 circumcinge
896 1201 1053 1262 viros
1108 1200 1257 1262 hos.
1329 1222 1465 1262 nam
1522 1215 1805 1281 utrosque
1846 1201 2078 1281 plorare
2131 1199 2386 1281 oportet,
2428 1213 2738 1280 rostroque

444 1294 709 1374 praebere
738 1313 871 1354 meo
910 1313 1127 1354 escam.
1213 1294 1431 1355 Nullus
1479 1296 1696 1355 etenim
1729 1313 1898 1355 mons
1946 1295 2279 1368 umbrosus,
2323 1313 2518 1374 neque
2545 1295 2737 1356 nubes

447 1384 712 1459 aetheria,
742 1405 932 1467 neque
958 1405 1175 1448 canum
1205 1397 1297 1448 est
1322 1407 1507 1460 mare,
1535 1387 1696 1468 quod
1737 1387 1996 1468 excipiat
2035 1387 2185 1448 istos
2227 1407 2322 1449 ine
2361 1387 2738 1467 effugientes.

448 1478 569 1538 Sed
601 1499 675 1539 ne
704 1499 861 1539 nunc
889 1488 1235 1542 cunctemur
1263 1479 1397 1540 illos
1424 1482 1704 1541 vellicare
1730 1492 1792 1540 et
1835 1480 2124 1540 mordere.
2211 1479 2466 1540 Ubinam
2507 1491 2602 1541 est
2645 1499 2741 1541 or-

448 1571 650 1630 dinum
679 1572 935 1632 ductor?
988 1575 1233 1634 inducat
1259 1573 1527 1634 dextrum
1559 1593 1763 1633 cornu.
1830 1573 2035 1632 Eum..
2065 1573 2198 1633 Hoc
2226 1573 2418 1653 ipsum
2450 1573 2596 1632 illud
2627 1583 2742 1632 est.

450 1665 589 1733 Quo
617 1665 835 1744 fugiam
865 1665 1111 1728 infelix?
1162 1667 1392 1730 P1sm.
1436 1667 1517 1726 At
1558 1680 1644 1738 tu,
1674 1687 1790 1726 non
1836 1667 2246 1746 permanebis?
2328 1666 2534 1726 Eum..
2581 1665 2743 1726 Utin'

448 1758 687 1818 abistis
716 1757 994 1819 differat?
1076 1761 1307 1820 Prsrn.
1358 1761 1439 1820 At
1486 1761 1640 1818 enim
1671 1759 1970 1838 quomodo
2007 1760 2154 1819 istos
2205 1771 2264 1820 te
2313 1759 2546 1838 cogitas
2593 1758 2740 1819 effu·

449 1871 590 1928 gere
617 1850 836 1931 posse?
914 1853 1117 1914 Eun..
1152 1851 1373 1912 Nescio
1400 1871 1517 1932 quo
1547 1865 1744 1931 pacto.
1830 1852 2058 1912 Pisa-rr.
2097 1853 2178 1912 At
2205 1873 2318 1932 ego
2341 1853 2608 1932 profecto
2635 1853 2740 1912 tibi

451 1941 668 2017 dicam,
696 1945 864 2003 nobis
894 1945 1281 2025 pugnandum
1310 1965 1444 2006 esse
1492 1946 1892 2018 manentibus,
1948 1955 2012 2004 et
2062 1945 2170 2006 has
2227 1945 2548 2024 capiendas
2603 1965 2739 2006 esse

450 2035 623 2096 ollas.
710 2037 916 2099 Eum„
949 2037 1109 2107 Quid
1160 2048 1354 2098 autem
1387 2037 1505 2096 olla
1534 2037 1705 2097 nobis
1751 2036 2060 2118 proderit?
2143 2039 2368 2098 Pisrn.
2413 2038 2564 2098 Tum
2607 2039 2740 2118 qui-

450 2127 585 2188 dem
614 2139 834 2188 noctua
862 2149 973 2191 nos
1014 2151 1133 2191 non
1190 2129 1455 2191 invadet.
1546 2131 1752 2194 Eum..
1809 2130 1972 2200 Quid
2027 2143 2224 2192 autem
2280 2131 2414 2191 istis
2469 2131 2739 2191 aduncos

448 2241 681 2301 ungues
708 2221 1061 2283 habentibus
1092 2223 1302 2284 faciam
1330 2222 1356 2281 2
1446 2223 1673 2283 Prs'rn.
1723 2223 2060 2284 Vericulum
2091 2225 2258 2285 ocius
2297 2223 2507 2304 arripe,
2559 2237 2742 2305 atque

450 2315 533 2376 ita
576 2327 833 2376 erectum
864 2317 968 2378 tibi
1010 2316 1333 2396 praetende.
1419 2317 1625 2376 Eum..
1673 2317 1880 2378 Oculis
1925 2336 2061 2378 vero
2103 2315 2424 2398 quidnam?
2508 2317 2740 2378 Prsrn.

452 2408 576 2469 Illis
606 2409 979 2471 acetabulum
1010 2409 1149 2470 inde
1178 2419 1437 2470 sumtum
1467 2409 1722 2491 adpone,
1752 2423 1856 2470 aut
1875 2411 2158 2472 catinum.
2230 2411 2436 2471 Eum„
2479 2409 2534 2469 Ο
2581 2411 2742 2492 sapi-

450 2501 772 2576 entissime,
792 2503 943 2563 bene
988 2521 1133 2563 sane
1175 2503 1321 2564 illud
1372 2502 1726 2564 adinvenisti
1771 2516 1832 2564 et
1877 2503 2282 2583 imperatorie:
2330 2515 2396 2563 tu
2437 2523 2574 2564 vero
2614 2503 2744 2583 jam

452 2595 687 2654 Niciam
713 2615 1033 2675 exsuperas
1061 2596 1593 2658 machinationibus
1623 2595 1876 2657 callidis.
1921 2597 2133 2656 Cuon.
2163 2595 2450 2667 Eleleleu,
2469 2595 2746 2676 procede,

450 2686 694 2748 demitte
743 2703 1036 2757 rostrumz
1092 2689 1357 2748 cunctari
1403 2709 1523 2749 non
1565 2688 1756 2750 decet.
1839 2689 2055 2761 Trahe,
2095 2689 2269 2763 velle,
2317 2689 2444 2762 feri,
2479 2697 2745 2770 percute,

450 2782 814 2864 primamque
844 2781 1022 2846 ollam
1048 2783 1375 2862 confringe.
1460 2784 1574 2844 Er.
1621 2783 1818 2844 Dicite
1861 2781 2022 2855 mihi,
2043 2802 2222 2862 quam
2245 2782 2486 2843 tandem
2502 2783 2582 2842 ob
2602 2802 2748 2843 cau-

452 2893 602 2948 sam,
640 2876 900 2936 omnium
944 2876 1218 2955 pessimoe
1268 2873 1593 2948 beluarum,
1642 2874 1923 2956 perdetis,
1967 2876 2196 2936 nullam
2250 2879 2410 2956 pessi
2452 2875 2746 2956 injuriam,

450 2967 561 3028 hos
604 2967 782 3040 viros,
814 2979 875 3029 et
900 2968 1259 3041 distrahetis,
1289 2970 1393 3050 qui
1422 2989 1568 3030 meae
1603 2967 1875 3048 conjugis
1915 2971 2152 3050 cognati
2195 2979 2338 3029 sunt
2375 2983 2440 3030 et
2479 2968 2746 3031 tribules.

452 3062 666 3122 Onon.
697 3061 855 3130 Quid
881 3062 1036 3122 enim
1062 3062 1155 3123 his
1184 3064 1374 3141 magis
1410 3083 1746 3144 parcemus,
1791 3081 1967 3141 quam
2009 3061 2212 3141 lupis?
2261 3073 2362 3122 aut
2401 3081 2554 3142 quos
2595 3061 2746 3123 alios

452 3155 781 3236 puniemur,
807 3155 907 3233 qui
932 3155 1105 3215 nobis
1127 3155 1321 3215 adhuc
1352 3156 1703 3215 inimicior-es
1743 3155 1910 3216 sint?
1991 3156 2104 3216 Er.
2146 3155 2228 3215 At
2269 3156 2320 3217 si
2363 3166 2576 3216 natura
2611 3157 2748 3238 qui-

452 3246 587 3306 dem
618 3259 759 3305 sunt
785 3247 1025 3318 inimici,
1056 3249 1249 3308 animo
1278 3257 1473 3308 tamen
1507 3249 1678 3309 amici
1704 3260 1866 3321 sunt,
1897 3257 2074 3328 atque
2110 3249 2226 3308 huc
2265 3250 2442 3310 etism
2482 3250 2747 3324 veniunt,

450 3352 520 3402 ut
546 3339 687 3401 utile
712 3339 853 3418 quid
882 3359 984 3400 vos
1012 3341 1325 3402 edoceant.
1410 3343 1627 3402 Cuon.
1673 3341 1808 3410 Quo
1838 3342 2078 3401 tandem
2110 3342 2171 3402 hi
2201 3341 2378 3403 modo
2415 3341 2560 3402 utile
2598 3343 2746 3424 quid

452 3453 563 3493 nos
591 3432 841 3492 edocere
868 3444 1113 3512 queant,
1140 3445 1245 3494 aut
1265 3435 1600 3506 ostendere,
1629 3436 1730 3514 qui
1762 3435 1888 3494 avis
1907 3435 2032 3514 jam
2065 3435 2208 3496 meis
2233 3435 2565 3526 exstiterint
2604 3436 2748 3497 hos-

452 3525 585 3586 tes?
670 3525 782 3585 ΕΡ.
832 3526 951 3586 Sed
992 3530 1065 3587 ab
1113 3527 1367 3587 inimicis
1414 3546 1558 3588 sane
1605 3527 1790 3587 multa
1839 3527 2079 3588 discunt
2127 3529 2447 3609 sapientes.
2532 3529 2750 3590 Cautio

453 3619 609 3680 enim
638 3619 837 3678 omnia
862 3632 1220 3681 conservat:
1274 3622 1349 3680 ab
1380 3621 1571 3688 amico
1599 3632 1793 3682 autem
1825 3620 1986 3680 illam
2018 3641 2135 3680 non
2165 3621 2406 3682 discas:
2465 3633 2528 3683 at
2553 3623 2746 3684 hostis

454 3722 663 3773 cautos
694 3732 826 3772 esse
856 3731 965 3772 nos
996 3714 1212 3793 coegit.
1298 3714 1556 3774 Primum
1587 3715 1740 3774 enim
1767 3716 2034 3776 civitates
2056 3716 2133 3775 ab
2161 3715 2496 3776 hominibus
2519 3717 2750 3780 didice-

453 3817 591 3865 runt
612 3806 902 3878 hostibus,
931 3825 1049 3866 non
1072 3807 1298 3880 amicis,
1319 3818 1620 3868 exstruere
1651 3808 1772 3868 alta
1801 3807 2035 3882 moenia,
2055 3820 2116 3868 et
2143 3827 2327 3869 naves
2356 3809 2573 3870 habere
2616 3811 2747 3870 lon·

453 3916 605 3978 gas:
654 3900 808 3960 istuc
850 3907 1045 3958 autem
1098 3911 1389 3980 repertum
1436 3913 1634 3961 servat
1675 3901 1912 3974 liberos,
1953 3902 2256 3975 familiam,
2298 3921 2443 3964 rem.
2527 3905 2750 3965 cnon.

442 3992 658 4071 Atqui,
688 3992 773 4052 uti
800 3991 971 4051 nobis
1004 3991 1251 4064 videtur,
1290 4013 1592 4054 sermones
1637 3994 1885 4073 primum
1935 3993 2138 4054 audire
2187 3996 2329 4056 utile
2365 4005 2492 4057 est:
2551 3996 2750 4059 discut

452 4083 611 4146 enim
640 4085 772 4164 quis
803 4093 861 4144 et
892 4084 967 4143 ab
994 4083 1245 4144 inimicis
1305 4087 1543 4166 sapiens
1593 4085 1898 4167 quiddam.
1985 4088 2210 4149 Pierii.
2271 4089 2351 4148 Hi
2403 4109 2542 4150 vero
2597 4090 2746 4150 iram

424 4178 746 4239 *remittere
768 4176 1077 4238 videntur:
1138 4189 1293 4239 retro
1322 4199 1634 4262 parumper
1655 4179 1820 4241 cede.
1869 4181 1984 4242 Er.
2015 4180 2172 4242 Illud
2201 4201 2342 4243 vero
2358 4182 2589 4262 justum
2612 4193 2747 4252 esta

456 4271 715 4353 mihique
736 4271 887 4332 hanc
911 4290 1018 4331 vos
1041 4271 1290 4352 gratiam
1312 4273 1507 4334 facere
1528 4274 1721 4335 decet.
1807 4275 2026 4336 Grion..
2052 4275 2128 4335 Et
2169 4276 2394 4336 sanein
2422 4277 2586 4336 nulla
2627 4275 2750 4336 alin

454 4385 716 4444 unquam
744 4365 848 4426 tibi
878 4385 940 4424 re
968 4367 1243 4428 contrarii
1274 4367 1512 4428 suimus.
1598 4367 1830 4428 Piera.
1863 4369 2058 4448 Magis
2089 4387 2296 4446 pacem
2325 4379 2516 4449 agunt
2543 4369 2746 4430 nobis·

455 4476 629 4516 cume
684 4467 1037 4539 quapropter
1064 4459 1239 4521 ollam
1266 4472 1327 4524 et
1352 4463 1583 4522 catinos
1611 4460 1770 4520 humi
1799 4459 2066 4547 depone:
2130 4472 2191 4522 et
2217 4461 2450 4524 hastam
2489 4473 2744 4543 oportet,

452 4549 569 4614 hoc
598 4551 837 4636 inquam
868 4573 1028 4629 veru,
1058 4573 1166 4618 nos
1198 4555 1578 4636 deambulare
1629 4564 1897 4620 tenentes
1945 4555 2104 4618 intra
2153 4567 2373 4632 castra,
2429 4555 2510 4618 ad
2551 4555 2744 4638 ipsam
