3059 5059
311 403 750 488 1094—1159]
1095 409 1893 474 ACHARNENSES.
2546 419 2620 478 19

299 533 424 594 Sed
449 553 632 614 quam
661 538 948 601 citissime
975 559 1250 620 propera.
1333 543 1510 605 Lau.
1550 543 1655 604 Me
1690 543 2009 604 miserum!
2094 544 2247 606 Dic.
2291 546 2527 626 Quippe
2550 559 2617 610 tu

301 645 524 707 magna
551 629 838 710 Gorgone
865 632 1168 712 insignisti
1212 634 1488 716 clypeum
1519 647 1709 697 tuum.
1795 637 2099 698 Occludat
2132 637 2268 718 quis
2309 640 2529 700 ostium
2557 651 2621 701 et

297 739 534 782 conam
566 737 755 802 paret.
791 725 994 786 .L1us.
1025 725 1204 801 Puer,
1223 749 1388 808 puer,
1416 729 1560 790 effer
1586 729 1706 790 hue
1736 727 1881 790 mihi
1909 739 2197 811 sportam.
2260 731 2413 792 Dxc.
2442 731 2621 807 Puer,

295 831 468 892 puer,
495 814 642 876 effer
662 816 786 879 huc
803 818 948 879 mihi
975 819 1211 880 cistam.
1295 822 1469 883 Lan.
1513 822 1715 884 Salem
1754 822 1961 902 thymo
2002 823 2271 884 intritum
2301 824 2410 895 fer,
2447 841 2617 902 puer,

295 914 358 966 et
375 925 584 988 cepas.
668 910 824 972 Dxc.
867 911 1020 972 Mihi
1041 923 1242 973 autem
1263 914 1503 995 pisces:
1534 935 1675 976 nam
1701 933 1885 996 cepas
1904 915 2169 977 fastidio.
2244 915 2414 977 Lan.
2446 915 2619 978 Folio

295 998 630 1064 involutum
672 1004 764 1064 fer
789 1004 908 1064 huc
933 1005 1076 1066 mihi
1108 1005 1535 1092 salsamentum
1581 1019 1779 1070 vetus.
1865 1008 2017 1069 D1c.
2060 1010 2138 1069 Et
2164 1020 2233 1068 tu
2258 1008 2422 1080 mihi,
2450 1027 2618 1088 puer,

295 1089 486 1153 libum
539 1095 597 1154 in
648 1095 830 1158 folio:
875 1097 936 1157 id
991 1110 1189 1161 autem
1243 1099 1364 1162 illic
1413 1101 1655 1162 assab0.
1740 1101 1911 1163 Lau.
1957 1102 2070 1162 Fer
2114 1103 2233 1163 huc
2282 1101 2427 1161 mihi
2470 1121 2619 1180 pen-

297 1204 412 1246 nas
475 1186 614 1249 illas
661 1177 740 1250 d'e
797 1190 996 1270 galea.
1121 1192 1274 1254 Dic.
1343 1193 1495 1254 Mihi
1553 1196 1694 1254 veio
1764 1193 2083 1274 palumbos
2130 1196 2225 1254 fer
2270 1207 2331 1254 et
2386 1195 2616 1256 turdos.

297 1278 472 1342 Lus.
517 1281 782 1343 Pulchra
817 1293 916 1346 est
956 1295 1020 1346 et
1065 1285 1330 1348 candida
1371 1286 1822 1349 struthocameli
1848 1307 2071 1367 penna.
2153 1287 2307 1348 Dic.
2349 1287 2617 1348 Pulchra

295 1383 394 1434 est
419 1385 482 1436 et
505 1375 668 1436 flava
693 1376 958 1456 palumbi
977 1395 1136 1438 caro.
1225 1379 1398 1440 Lau.
1441 1380 1536 1442 Mi
1563 1379 1765 1454 homo,
1792 1379 2002 1441 desine
2028 1391 2389 1440 armaturam
2416 1399 2613 1441 meam

299 1465 596 1530 deridere.
677 1469 832 1532 ch.
877 1470 968 1531 Mi
1023 1470 1226 1546 homo,
1255 1473 1444 1552 potiu'
1491 1492 1582 1547 es,
1626 1483 1695 1533 ut
1738 1472 1817 1533 ad
1870 1472 2079 1534 turdos
2120 1493 2241 1534 nou
2284 1472 2615 1552 respicias?

297 1561 474 1622 Lau.
515 1563 778 1624 Thecam
805 1563 948 1624 mihi
997 1562 1162 1639 effer,
1200 1564 1262 1624 in
1291 1584 1412 1646 qua
1455 1565 2019 1648 triplex-recondita
2046 1575 2143 1628 est
2169 1566 2374 1627 crista.
2459 1565 2617 1627 Dxc.

299 1651 384 1714 sst
407 1655 550 1716 mihi
575 1655 660 1717 da
683 1657 919 1718 lancem
945 1676 1124 1718 carue
1149 1658 1428 1720 refertam
1471 1658 1760 1738 leporina.
1844 1657 2015 1720 Lan.
2062 1659 2281 1738 Utique
2308 1657 2619 1721 crinivom

299 1747 481 1809 tiueoe
536 1749 754 1812 cristas
810 1769 974 1812 meas
1021 1762 1421 1814 corroserunt.
1505 1753 1660 1814 D1c.
1706 1751 1927 1832 Utique
1966 1762 2109 1813 ante
2146 1769 2380 1813 emnam
2430 1751 2619 1812 lactes

299 1841 604 1922 leporinus
630 1843 968 1906 comedam.
1053 1846 1226 1906 Lan.
1267 1845 1355 1904 Mi
1385 1845 1587 1920 homo,
1635 1845 1819 1927 potin·
1844 1864 1931 1918 es,
1960 1846 2100 1926 quin
2130 1863 2226 1906 me.
2250 1843 2620 1924 alloquaris?

299 1933 454 1994 Drc.
500 1935 640 1995 Nou
687 1947 744 1996 te
801 1937 1105 2016 alloquor:
1149 1938 1259 1999 sed
1288 1955 1404 2017 ego
1433 1950 1494 1999 et
1521 1958 1673 2018 puer
1698 1939 1955 1998 rixamur
1982 1937 2236 1998 dudum.
2316 1937 2457 1997 Viu'
2480 1933 2617 2018 pig·

297 2047 415 2088 nus
443 2049 676 2089 mecum
698 2029 864 2102 dare,
893 2031 1195 2092 Lamacho
1229 2031 1455 2111 judice.
1501 2043 1699 2091 utrum
1728 2031 1980 2091 locuste
2030 2030 2153 2091 sint
2174 2029 2506 2102 suaviores,
2534 2050 2617 2092 aa

293 2121 478 2180 turdi.
513 2123 680 2182 Lau.
697 2119 870 2184 Vah!
931 2133 999 2184 ut
1026 2124 1490 2186 contumeliosus
1515 2129 1621 2186 es!
1678 2125 1840 2188 Dic.
1862 2125 2153 2184 Locustas
2162 2121 2399 2203 judicat
2426 2122 2617 2184 multo

297 2214 626 2275 suaviores.
698 2217 868 2276 Lau.
894 2216 1072 2289 Puer,
1099 2237 1268 2296 puer,
1282 2216 1517 2278 hastam
1538 2216 1819 2297 deprome
1844 2227 1907 2278 et
1932 2215 2051 2276 huc
2072 2215 2217 2276 effer
2242 2214 2406 2276 mihi.
2465 2215 2617 2278 Dic.

299 2305 478 2382 Puer,
492 2328 659 2387 puer,
678 2309 893 2369 sartum
912 2310 1256 2370 intestinum
1279 2309 1563 2390 deprome
1586 2321 1647 2370 et
1678 2309 1766 2370 ser
1783 2309 1925 2370 huc.
1970 2309 2139 2370 Lau.
2167 2310 2321 2389 Age,
2338 2309 2619 2388 vaginam

295 2401 494 2462 hastoe
511 2402 824 2464 detraham
847 2423 865 2471 ;
911 2413 1068 2476 tene,
1101 2423 1268 2482 puer,
1293 2404 1585 2464 obnitere.
1670 2402 1823 2464 Dxc.
1843 2402 1924 2461 Et
1948 2411 2036 2475 tu,
2060 2421 2225 2482 puer,
2246 2402 2427 2462 istum
2454 2412 2617 2476 tene,

293 2507 356 2557 et
383 2497 674 2558 obnitere.
757 2496 933 2557 Lan.
978 2496 1112 2568 Fer,
1166 2515 1335 2577 puer,
1361 2495 1555 2557 fulcra
1603 2496 1719 2556 mei
1768 2494 1987 2577 clypei.
2072 2494 2397 2556 Dim-Mei
2436 2496 2617 2558 etiam

291 2589 488 2650 fulcra
513 2588 679 2662 effer,
703 2607 894 2669 panes
913 2609 952 2650 e
971 2589 1248 2652 clibano.·
1318 2590 1489 2650 Lau,
1505 2589 1636 2651 Fer
1662 2590 1780 2651 huc
1810 2589 2013 2650 orbem
2038 2588 2237 2669 clypei
2266 2587 2613 2670 Gorgonem

294 2681 356 2741 in
385 2691 560 2762 tergo
583 2681 925 2744 habentem.
1009 2681 1164 2744 Dxc.
1207 2683 1286 2742 Et
1309 2682 1451 2744 mihi
1480 2684 1687 2744 orbem
1716 2682 2013 2763 placentoe
2041 2701 2287 2742 caseum
2328 2684 2393 2742 in
2438 2691 2613 2763 tergo

297 2773 644 2837 habentem.
728 2777 897 2836 Lau.
945 2777 1162 2837 Annon
1213 2775 1310 2836 hic
1353 2775 1588 2836 derisus
1616 2785 1711 2836 est
1736 2774 2077 2836 hominibus
2106 2775 2371 2835 multus?
2456 2776 2613 2838 Dic.

297 2869 521 2929 Annon
549 2869 682 2930 haec
710 2871 990 2950 placenta
1015 2881 1112 2930 est
1130 2869 1472 2929 hominibus
1493 2867 1732 2930 dulcis?
1796 2869 1969 2928 Lau.
2014 2866 2316 2928 Perfunde
2334 2879 2422 2938 tu,
2448 2889 2617 2948 puer,

299 2981 523 3024 areum
551 2965 744 3044 clypei
769 2965 1085 3026 umbonem
1117 2961 1272 3024 oleo.
1354 2961 1551 3022 Video
1581 2961 1641 3021 in
1683 2961 1897 3042 clypeo
1938 2960 2253 3040 imaginem
2300 2961 2485 3034 senis,
2512 2965 2615 3042 qui

297 3075 438 3116 reus
465 3058 578 3116 erit
605 3056 957 3118 timiditatis.
1042 3056 1194 3118 Dxc.
1236 3055 1326 3118 Tu
1355 3055 1534 3116 melle
1551 3054 1887 3137 placentam
1920 3043 2233 3134 perfunde.
2319 3054 2437 3115 Hic
2464 3075 2617 3134 quo-

301 3167 420 3227 que
446 3150 766 3228 perspicua
793 3159 886 3210 est
923 3149 1086 3212 senis
1133 3151 1356 3230 imago,
1401 3149 1637 3228 plorare
1667 3148 1933 3228 jubentis
1978 3147 2343 3208 Lamachum
2372 3147 2613 3228 Gorga·

301 3240 480 3301 sium.
565 3241 740 3302 Lau.
784 3243 896 3302 Fer
941 3241 1082 3316 huc,
1134 3259 1303 3324 puer,
1357 3242 1603 3302 loricam
1652 3241 1949 3303 bellicam.
2036 3239 2189 3302 Dic.
2238 3241 2509 3302 Loricam
2552 3249 2616 3302 et

299 3333 464 3406 mihi,
489 3353 660 3414 puer,
687 3333 832 3395 effer
856 3335 1158 3415 congium.
1244 3335 1416 3395 Lau.
1460 3335 1597 3396 Hac
1644 3354 1759 3414 ego
1811 3334 2123 3396 adversum
2169 3333 2376 3395 hostes
2403 3344 2615 3414 pectus

297 3428 586 3488 muniam.
690 3427 840 3489 Dte.
883 3428 1018 3489 Hoc
1069 3447 1186 3509 ego
1245 3427 1562 3490 adversum
1621 3439 1999 3508 compotores
2042 3436 2254 3508 pectus
2326 3427 2615 3491 muniam.

303 3521 478 3582 Lau.
521 3520 841 3601 Sti-agulis,
879 3541 1048 3603 puer,
1100 3519 1286 3603 alliga
1323 3523 1643 3604 clypeum:
1702 3541 1817 3600 ego
1876 3531 2075 3582 autem
2133 3520 2291 3586 hanc
2346 3529 2615 3600 sportam

295 3633 532 3676 sumam
577 3625 642 3675 et
683 3615 938 3695 ipsemet
973 3615 1114 3676 mihi
1145 3617 1418 3697 gestabo.
1507 3617 1658 3676 D1c.
1702 3615 1974 3686 Cinnam,
2001 3630 2168 3691 puer,
2197 3612 2381 3692 alliga
2404 3613 2614 3674 cistoe:

298 3726 418 3787 ego
445 3717 644 3768 autem
669 3707 828 3770 hanc
845 3718 1076 3771 vestem
1095 3728 1328 3770 sumam
1355 3718 1417 3771 et
1447 3709 1648 3770 abibo.
1733 3710 1903 3768 Lus.
1934 3706 2227 3788 Clypeum
2256 3704 2422 3778 tolle,
2453 3725 2619 3785 puer,

297 3809 362 3860 et
413 3801 676 3862 ambula.
785 3801 1019 3883 Ningit.
1075 3802 1286 3883 Papoe!
1357 3802 1609 3864 hiberna
1661 3803 1793 3863 haec
1850 3800 2117 3881 negotia.
2232 3799 2383 3860 Dic.
2444 3798 2617 3860 Tolle

295 3913 568 3978 etenum.
639 3895 994 3963 Convivalia
1019 3896 1152 3958 hoec
1179 3895 1442 3976 negotia.
1527 3897 1749 3956 Cnon.
1794 3897 1884 3955 Ite
1918 3895 2045 3974 jam
2074 3891 2200 3952 laeti
2229 3892 2289 3952 in
2322 3890 2613 3954 militiam.

299 3987 496 4058 Quam
549 3989 869 4050 dissimiles
915 3990 1042 4051 vias
1085 3989 1506 4070 ingredimini!
1548 3989 1647 4048 ille
1688 3987 1923 4069 quidem
1953 3987 2117 4049 bibet
2142 3995 2507 4047 coronatus:
2552 3996 2619 4047 tu

299 4091 496 4143 autem
527 4081 760 4164 algebis
801 4093 868 4144 et
911 4084 1195 4144 excubias
1239 4101 1404 4163 ages.
1491 4081 1601 4141 Ille
1630 4079 1885 4141 dormiet
1920 4100 2053 4142 cum
2084 4078 2293 4161 puella
2316 4078 2621 4139 formosis·

303 4177 490 4236 sima:
517 4186 586 4236 tu
611 4195 754 4238 vero
777 4195 994 4260 penem
1024 4175 1132 4237 tibi
1153 4175 1415 4237 fricabis.
1465 4177 1631 4236 Seu.
1676 4173 2095 4234 Antimachum
2128 4173 2297 4234 illum
2324 4169 2616 4234 Psacadis

299 4268 504 4341 fllium,
527 4270 878 4332 historicum
907 4283 971 4330 et
997 4272 1257 4351 poetam,
1285 4279 1354 4331 ut
1395 4278 1599 4350 aperte
1628 4267 1847 4339 dicam,
1888 4266 2043 4327 male
2081 4265 2295 4346 perdat
2344 4265 2615 4345 Jupiter:

297 4362 400 4441 qui
443 4383 540 4425 me
595 4363 914 4438 infelicem,
971 4365 1126 4425 festo
1170 4364 1524 4424 Lenaeorum
1577 4361 1878 4440 choragus
1936 4359 2162 4419 dimisit
2220 4359 2613 4420 incoenatum.

297 4455 491 4524 Quem
513 4456 740 4520 utinam
767 4457 1093 4539 aliquando
1119 4457 1354 4518 videam
1387 4457 1573 4536 sepioe
1612 4453 2007 4516 comedendae
2034 4451 2319 4534 cupidum
2345 4473 2364 4511 ε
2420 4459 2483 4511 et
2512 4449 2616 4510 illa

295 4559 480 4622 tosta,
507 4549 568 4611 iu
587 4551 890 4631 sartagine
919 4551 1200 4625 stridens,
1230 4571 1368 4613 cum
1390 4550 1516 4611 sale
1550 4549 1609 4608 in
1638 4567 1847 4610 mensa
1884 4547 2120 4627 jacens,
2150 4547 2209 4606 in
2238 4544 2617 4607 coeuaculum
