3059 5059
334 404 691 491 soi-⁶55]
1182 398 1842 461 maisi-RATA.
2519 412 2634 469 17⁷

328 548 391 599 et
415 538 563 599 flore
602 536 803 599 aetatis
850 535 985 606 frui,
1038 532 1185 595 soloe
1240 534 1529 593 cubamus
1584 532 1662 592 ob
1713 530 1997 593 militiam.
2080 535 2161 596 At
2215 538 2374 617 quod
2427 552 2634 603 nostra

329 631 565 691 intersit
594 630 843 691 mittite:
888 626 1215 691 discrucior
1254 644 1397 687 vero
1422 637 1662 705 propter
1686 626 1938 705 virgines
1968 625 2026 686 in
2059 626 2334 690 thalamis
2371 642 2628 695 consen-⁴

326 734 629 785 eoceutes.
714 724 929 783 Pnov.
987 721 1125 779 Non
1180 739 1321 799 ergo
1348 730 1409 778 et
1438 718 1540 777 viri
1565 717 1928 779 senescunt?
2010 720 2158 781 LYs.
2191 722 2418 802 Edepol
2447 726 2628 807 longe

328 816 631 877 diversum
692 830 789 877 est
842 813 1003 895 quod
1052 812 1227 873 dicis.
1324 812 1431 871 Vir
1486 811 1640 870 enim
1703 832 1942 891 peregre
1997 812 2341 889 adveniens,
2395 820 2630 880 etiamsi

324 928 519 971 canus
548 909 651 979 sit,
687 910 813 969 cito
851 905 1110 989 puellam
1152 904 1319 964 ducit
1358 902 1680 981 virginem:
1745 905 2004 965 mulieris
2045 917 2242 966 autem
2282 910 2477 969 brevis
2537 922 2632 972 est

326 1002 765 1082 opportunitas,
794 1020 973 1080 quam
1000 997 1111 1057 nisi
1142 995 1572 1077 apprehendat,
1613 1016 1786 1059 nemo
1831 998 1953 1079 yult
1993 1018 2124 1059 eam
2166 999 2416 1065 ducere:
2461 1004 2631 1065 sedet

325 1106 533 1155 eutem
559 1096 757 1156 omnia
782 1104 1053 1175 captans.
1138 1091 1348 1150 Pnov.
1396 1089 1517 1149 Sed
1557 1090 1898 1169 quicunque
1947 1110 2127 1152 senex
2174 1114 2384 1173 penem
2431 1095 2627 1157 adhuc

326 1186 859 1267 arrigereaalet—-
930 1187 1080 1245 Lrs.
1110 1186 1201 1243 Tu
1248 1202 1393 1261 ergo
1431 1202 1536 1245 cur
1583 1201 1700 1242 uon
1747 1184 2036 1244 moreris?
2104 1187 2275 1247 morti
2329 1190 2630 1269 tempesti-

324 1298 442 1341 vus
468 1298 559 1341 es.
644 1278 1023 1360 sandapilam
1054 1295 1251 1339 emes:
1292 1275 1495 1356 utique
1537 1275 1817 1337 mellitam
1851 1277 1956 1338 tibi
1997 1277 2328 1359 placentam
2375 1283 2626 1361 pinsum.

332 1373 513 1434 Sume
536 1372 695 1433 banc
720 1372 1001 1435 corollam
1023 1382 1085 1432 et
1109 1372 1283 1451 cinge
1310 1380 1511 1450 caput.
1599 1368 1781 1430 Mun.
1807 1370 1856 1429 Ι.
1902 1371 1979 1431 Et
2019 1372 2163 1431 istas
2206 1374 2382 1434 vittas
2423 1376 2629 1457 accipe

328 1485 519 1527 ame.
606 1467 789 1527 Mur..
839 1467 917 1525 11.
964 1465 1041 1525 Et
1086 1464 1243 1525 hanc
1285 1482 1431 1543 cape
1478 1481 1777 1522 coronam.
1863 1463 2012 1523 Lus.
2063 1464 2223 1533 Quid
2267 1466 2372 1527 tibi
2420 1468 2632 1531 deest?

328 1559 477 1639 quid
503 1557 860 1620 desideras?
942 1558 1111 1619 Vade
1152 1558 1213 1617 in
1257 1575 1507 1623 navem3
1565 1564 1624 1615 te
1679 1555 1914 1616 Charon
1960 1572 2175 1618 vocat:
2226 1559 2284 1618 in
2331 1579 2496 1622 mora
2539 1580 2628 1636 es,

327 1654 653 1734 quominus
682 1652 741 1713 in
765 1652 947 1713 altum
978 1650 1351 1732 provehatur.
1434 1646 1640 1709 PnoV.
1675 1648 1888 1709 Nonne
1929 1651 2202 1711 acerbum
2247 1663 2340 1712 est
2378 1653 2492 1714 hoc
2535 1675 2628 1715 me

332 1745 505 1827 pati?
548 1746 657 1807 sed
684 1744 979 1807 mehercle
1018 1755 1243 1805 certum
1284 1754 1378 1802 est
1421 1739 1498 1801 ad
1539 1740 1805 1822 collegas
1834 1741 1916 1803 ire
1957 1763 2092 1804 cum
2135 1744 2251 1806 isto
2290 1759 2523 1820 ornatu,
2569 1760 2631 1809 et

336 1840 631 1921 meipsum
664 1840 738 1899 iis
764 1838 1101 1899 ostendere.
1184 1836 1339 1895 LYs.
1384 1834 1542 1895 Num
1583 1835 1948 1916 expostulas,
1981 1837 2143 1917 quod
2186 1850 2244 1898 te
2287 1858 2404 1898 non
2447 1839 2632 1901 collo-

329 1931 651 1993 cavimus?
702 1933 809 1993 sed
836 1944 977 2012 post
1001 1930 1235 1992 tertium
1277 1928 1435 1989 diem
1474 1946 1511 1985 a
1553 1928 1723 1987 nobis
1765 1930 2000 1991 venient
2042 1931 2144 1989 tibi
2187 1951 2414 1993 summo
2457 1952 2629 1997 mane

334 2026 865 2105 tridualiaparata.
946 2026 1167 2087 Cnon.
1210 2024 1366 2083 Seu.
1416 2019 1552 2080 Non
1585 2020 1834 2099 amplius
1866 2020 2040 2081 decet
2066 2020 2339 2096 dormire,
2382 2026 2630 2106 quicun-

330 2137 453 2197 que
501 2128 599 2179 est
639 2118 825 2187 liber-3
882 2117 990 2179 sed
1036 2117 1414 2197 accingamus
1464 2132 1599 2186 nos,
1643 2113 1771 2186 viri,
1815 2111 1889 2173 ad
1930 2114 2044 2175 hoc
2089 2117 2409 2195 negotium.
2490 2120 2630 2183 Jam

334 2211 495 2273 enim
522 2210 657 2273 haec
674 2230 770 2271 res
796 2211 965 2291 plura
992 2222 1055 2271 et
1081 2209 1304 2289 majora
1328 2204 1486 2266 olere
1513 2207 1776 2267 facinora
1817 2206 1960 2267 mihi
2000 2206 2271 2269 videtur:
2321 2221 2382 2271 et
2419 2214 2631 2291 presci-

338 2324 453 2385 pue
508 2304 728 2366 odoror
794 2304 1031 2385 Hippioe
1092 2300 1505 2384 tyrannidem3
1589 2311 1906 2381 metuoque
1968 2300 2162 2375 valde,
2221 2323 2296 2365 ne
2365 2305 2630 2369 Lacones

334 2398 521 2477 aliqui
550 2398 657 2458 viri
688 2398 804 2458 buc
830 2396 1211 2457 convenerint
1236 2396 1297 2455 in
1326 2392 1652 2453 Clisthenis
1696 2392 1958 2468 domum,
2001 2407 2062 2454 et
2102 2394 2210 2456 has
2253 2395 2366 2456 diis
2408 2398 2629 2461 invisas

336 2493 618 2552 mulieres
646 2490 787 2552 dolo
816 2490 1080 2561 incitent,
1110 2498 1180 2549 ut
1202 2497 1495 2567 occupent
1529 2506 1676 2567 opes
1705 2498 1959 2561 nostras,
1990 2499 2052 2549 et
2079 2489 2428 2563 mercedem,
2474 2492 2632 2553 unde

331 2604 455 2665 ego
484 2585 845 2646 victitabam.
928 2582 1243 2662 indignum
1270 2581 1433 2641 enim
1452 2592 1548 2641 est
1571 2583 1648 2642 ab
1677 2580 1808 2641 istis
1835 2581 2134 2643 admoneri
2165 2582 2348 2656 cives,
2387 2602 2632 2665 easque,

324 2676 619 2740 -mulieres
639 2696 817 2758 quum
840 2676 984 2748 sint,
1009 2675 1166 2757 loqui
1196 2673 1271 2735 de
1292 2694 1447 2735 oereo
1474 2676 1708 2756 clypeo,
1737 2687 1800 2735 et
1828 2675 2066 2755 insuper
2109 2676 2412 2736 nobiscum
2458 2697 2634 2758 agere

334 2770 419 2833 de
443 2791 595 2853 pace
638 2790 771 2831 cum
814 2768 1165 2842 Laconibus,
1209 2767 1425 2847 quibus
1468 2788 1586 2828 non
1635 2767 1770 2848 plus
1815 2768 1970 2829 inest
2013 2768 2172 2841 fidei,
2223 2790 2400 2851 quam
2445 2770 2634 2835 hianti

336 2864 505 2946 lupo.
588 2863 736 2937 Sed,
760 2880 797 2923 o
824 2861 951 2933 viri,
978 2861 1107 2921 haec
1136 2861 1255 2921 illoe
1305 2871 1619 2922 texuerunt
1665 2860 1738 2921 ad
1785 2859 2160 2940 tyrannidem
2201 2864 2631 2944 occupandam.

338 2959 423 3017 At
449 2958 607 3017 enim
638 2974 939 3036 nunquam
968 2955 1111 3015 mihi
1152 2954 1631 3027 dominabuntur,
1677 2952 1964 3034 siquidem
2005 2955 2252 3027 cavebo,
2294 2970 2354 3017 et
2389 2960 2634 3039 gestabo

332 3050 613 3131 gladium
636 3050 911 3129 deinceps
962 3050 1029 3108 in
1077 3050 1265 3127 myrti
1312 3068 1496 3119 ramo,
1548 3059 1608 3107 et
1655 3048 1712 3105 in
1743 3048 1870 3106 foro
1921 3048 2092 3106 stabo
2149 3056 2406 3110 armatus
2451 3070 2633 3132 prope

336 3143 821 3225 Aristogitonem.
893 3142 1025 3202 Hoc
1052 3139 1232 3202 modo
1261 3154 1454 3201 autem
1486 3142 1658 3201 stabo
1675 3140 1850 3221 juxta
1878 3140 2110 3219 ipsum:
2155 3141 2280 3220 ipse
2305 3142 2460 3203 enim
2491 3144 2634 3203 mihi

336 3248 551 3297 auctor
572 3247 693 3311 est,
720 3248 786 3298 ut
807 3234 983 3316 hujus
1012 3234 1127 3297 diis
1155 3234 1359 3296 invisoe
1386 3233 1602 3295 vetuloe
1647 3233 1969 3315 percutiam
2011 3233 2332 3293 maxillam.
2415 3238 2632 3299 Cnoa.

338 3328 525 3390 Mur..
610 3330 691 3389 At
716 3348 821 3388 vos
852 3328 1089 3388 domum
1134 3328 1433 3409 ingressos
1472 3348 1548 3388 ne
1601 3339 1786 3387 mater
1829 3324 1958 3405 ipsa
2001 3327 2329 3403 agnoverit.
2411 3328 2552 3401 Sed,
2597 3350 2634 3391 o

336 3419 665 3482 carissimae
694 3420 931 3493 vetulae,
952 3421 1203 3501 primum
1230 3421 1357 3481 hoee
1384 3420 1546 3479 humi
1579 3420 1968 3499 deponamus.
2027 3419 2154 3479 Nos
2183 3420 2362 3491 enim,
2391 3440 2428 3480 o
2455 3422 2635 3497 cives,

338 3515 668 3575 orationem
698 3512 1031 3574 exordimur
1069 3513 1289 3573 civitati
1331 3512 1577 3578 utilem:
1636 3524 1811 3591 atque
1857 3512 2007 3573 adeo
2050 3514 2294 3573 merito:
2348 3532 2484 3574 nam
2531 3514 2636 3577 illa

320 3607 402 3668 .in
430 3607 669 3667 deliciis
690 3606 1001 3689 splendide
1030 3605 1307 3667 educavit
1332 3624 1446 3667 me.
1533 3606 1767 3685 Septem
1792 3623 1980 3665 annos
2009 3618 2151 3665 nata
2179 3606 2376 3667 statim
2421 3626 2638 3667 arcana

338 3700 401 3760 in
461 3700 749 3761 Minerva
798 3719 1017 3782 pompa
1072 3698 1335 3779 gestavi:
1391 3697 1605 3758 deinde
1660 3697 1917 3759 molitrix
1965 3698 2086 3759 fui:
2158 3708 2282 3758 tum
2332 3699 2636 3773 decennis,

340 3794 559 3854 Dianae
588 3794 866 3867 dominae,
912 3793 1119 3853 fluenti
1162 3802 1401 3853 crocota
1452 3792 1689 3864 amicta,
1739 3790 2075 3853 Brauroniis
2119 3803 2472 3854 consecrata
2513 3794 2633 3853 fui:

338 3886 581 3947 demum
606 3886 813 3948 adulta
852 3884 1019 3966 virgo
1056 3884 1380 3947 canistrum
1422 3884 1669 3965 gestavi,
1709 3884 1933 3945 habens
1973 3887 2297 3947 caricarum
2341 3898 2635 3948 catenam.

339 3976 651 4061 Numquid
695 4000 812 4061 ego
869 3981 1059 4041 debeo
1112 3978 1337 4040 civitati
1388 3978 1636 4039 suadere
1685 3977 1899 4038 utilia?
1977 3979 2118 4039 licet
2171 3990 2365 4041 autem
2419 3979 2638 4039 femina

338 4073 649 4146 nata‘sim,
678 4072 834 4133 absit
856 4073 1095 4145 invidia,
1122 4073 1173 4131 si
1214 4072 1459 4133 meliora
1503 4070 1896 4151 praesentibus
1937 4071 2240 4132 adferam:
2296 4090 2433 4131 nam
2478 4092 2637 4152 sym-

338 4165 499 4225 boloe
528 4167 707 4225 etiam
734 4186 849 4245 ego
876 4165 1169 4247 particeps
1200 4186 1354 4238 sum,
1380 4166 1600 4245 quippe
1627 4184 1764 4243 quae
1787 4164 1944 4224 viros
1971 4164 2030 4223 in
2060 4184 2369 4226 commune
2401 4164 2637 4227 adferoz

338 4256 513 4318 vobis
543 4269 739 4319 autem
768 4258 995 4319 miseris
1017 4260 1255 4320 senibus
1300 4258 1467 4319 nulla
1511 4257 1688 4337 hujus
1737 4276 1876 4337 pars
1921 4268 2032 4317 est.
2117 4258 2270 4319 Nam
2310 4258 2640 4341 symbolam

340 4369 615 4423 avorum,
652 4372 785 4431 quoe
810 4351 1045 4426 dicitur,
1089 4351 1365 4412 collatam
1395 4370 1469 4412 ex
1512 4349 1823 4411 Medorum
1869 4351 2094 4430 spoliis,
2136 4372 2314 4431 quum
2357 4368 2640 4411 consum-

340 4442 571 4517 seritis,
610 4464 730 4507 non
758 4445 1015 4507 vicissim
1062 4444 1304 4507 adfertis
1350 4447 1610 4507 tributa:
1659 4442 1768 4504 sed
1815 4443 2054 4525 insuper
2093 4444 2266 4503 etiam
2311 4443 2638 4525 periculum

324 4546 463 4610 est,
490 4556 571 4597 ne
594 4556 633 4597 a
660 4538 825 4599 vobis
852 4539 1187 4621 perdamur.
1270 4540 1427 4601 Num
1458 4556 1600 4619 ergo
1626 4536 1834 4598 mutire
1863 4536 2006 4597 licet
2039 4535 2206 4597 vobis
2229 4535 2254 4595 ³
2337 4538 2397 4597 Si
2441 4548 2640 4599 autem

510 4634 711 4697 Arist.
744 4636 883 4701 Lae.
1382 4655 1387 4661 ·
2439 4636 2482 4699 Ζ
