3059 5059
323 375 690 455 sss-seo]
1095 393 1100 398 ·
1295 373 1358 434 N
1383 373 1431 434 u
1459 371 1507 434 Β
1532 375 1580 438 Ε
1598 375 1662 435 s,
2562 373 2645 433 53

321 505 550 571 Nullat
591 506 704 570 sed
731 525 862 568 mos
902 513 996 566 est
1021 513 1088 565 ut
1122 504 1268 565 nudi
1307 505 1737 586 ingrediantur.
1823 504 2096 565 Srnsrs.
2140 504 2323 584 Atqui
2378 521 2493 583 ego
2522 521 2644 562 nou

319 601 628 682 ingredior
663 621 759 662 res
815 599 1064 660 furtivas
1112 601 1512 678 quaeritatum.
1595 598 1740 660 Soc.
1802 599 2055 678 Depone
2080 617 2097 656 ι
2154 597 2297 676 quid
2354 593 2645 676 nugaris?

325 695 608 754 Stans.
641 693 798 764 Hoc,
827 712 1058 772 quoeso,
1087 691 1185 752 dic
1217 690 1398 750 mihi:
1427 689 1478 749 si
1509 689 1768 770 diligens
1796 690 1984 764 tuero,
2014 699 2074 750 et
2105 689 2321 770 cupide
2356 689 2647 761 didicero,

321 786 566 847 cuinam
596 795 829 846 tuorum
853 783 1277 865 discipulorum
1307 802 1408 843 ero
1435 783 1685 842 similis?
1732 833 1737 838 .
1769 784 1915 845 Soc.
1950 782 2197 862 Ingenio
2230 781 2377 842 nibil
2406 781 2645 842 differes

321 897 360 938 a
383 877 844 958 Choerepbonte.
932 877 1210 937 Srntrs.
1253 875 1373 935 Hei
1403 875 1618 935 miser!
1662 876 2078 937 semimortuus
2117 875 2277 934 fiam.
2361 875 2506 933 Soc.
2551 873 2647 932 Ne

323 971 579 1031 multum
605 971 871 1050 loquere,
899 968 1004 1029 sed
1038 987 1288 1050 propera
1314 977 1374 1028 et
1401 987 1655 1047 sequere
1678 987 1771 1030 me
1816 969 1930 1029 hac
1980 969 2169 1029 ocius.
2254 968 2528 1028 Sraers.
2576 967 2647 1027 In

321 1081 568 1124 manum
598 1062 682 1123 da
701 1062 841 1122 mihi
871 1060 1204 1143 placentam
1237 1059 1520 1122 mellitam
1550 1061 1747 1140 prius:
1793 1079 1929 1120 nam
1962 1061 2139 1121 timeo
2168 1059 2287 1120 huc
2314 1059 2492 1134 intro,
2508 1069 2647 1120 tan·

323 1173 506 1235 quam
537 1155 596 1215 in
627 1154 950 1234 Trophonii
981 1164 1238 1227 antrum,
1265 1151 1661 1213 descendens.
1742 1153 1891 1214 Soc.
1938 1153 2170 1232 Perge:
2210 1153 2355 1232 quid
2391 1152 2478 1212 sic
2516 1169 2647 1212 mo·

325 1267 456 1308 rare
477 1248 641 1308 circa
667 1246 930 1308 ostium?
1011 1247 1228 1306 Cnon.
1271 1244 1390 1306 Sed
1415 1245 1510 1304 abi
1540 1244 1713 1305 laetus
1738 1245 1817 1306 ob
1858 1246 2014 1306 istuc
2064 1245 2244 1306 animi
2292 1247 2492 1307 robur.
2534 1245 2649 1306 Fe-

319 1339 518 1401 liciter
543 1340 780 1400 eveniat
798 1339 940 1400 huic
971 1338 1219 1411 homini,
1247 1336 1409 1418 quod
1434 1345 1615 1398 oetate
1664 1338 1911 1398 multum
1952 1349 2254 1417 provecta,
2303 1339 2647 1401 recentiori·

323 1435 440 1493 bus
467 1432 772 1512 ingenium
803 1451 976 1492 suum
1009 1432 1186 1492 rebus
1217 1431 1445 1504 imbuit,
1487 1442 1549 1491 et
1596 1430 1947 1510 sapientiam
1995 1431 2159 1493 colit.
2242 1432 2647 1511 Spectatores,

325 1526 524 1586 dicam
545 1524 715 1585 vobis
746 1525 927 1586 libere
959 1523 1262 1584 veritatem
1287 1542 1304 1591 ς
1349 1541 1454 1602 per
1485 1523 1789 1585 Bacchum
1809 1523 1966 1603 juro,
1994 1524 2164 1602 cujus
2208 1523 2486 1584 alumnus
2530 1543 2647 1604 ego

323 1639 480 1679 sum.
553 1616 844 1698 Equidem
876 1617 961 1677 ita
989 1617 1222 1678 vincam
1254 1631 1316 1676 et
1333 1635 1440 1698 pro
1469 1615 1737 1696 sapiente
1762 1616 2006 1689 habear,
2048 1627 2133 1690 ut,
2158 1617 2302 1696 quia
2328 1635 2435 1676 vos
2467 1629 2645 1696 puta-

323 1711 462 1771 bam
493 1721 862 1792 spectatores
889 1710 1198 1790 elegantes
1225 1727 1385 1782 esse,
1414 1709 1709 1789 istamque
1739 1727 1872 1769 esse
1900 1710 2452 1788 proestantissimam
2483 1730 2649 1771 mea·

323 1822 456 1864 rum
484 1802 926 1876 comoediarum,
951 1803 1173 1863 idcirco
1195 1802 1364 1862 vobis
1394 1802 1645 1882 primum
1676 1819 1805 1860 eam
1835 1801 1995 1862 volui
2024 1801 2383 1882 gustandam
2414 1801 2649 1878 offerte,

321 1897 422 1958 cui
451 1897 704 1958 insumsi
731 1896 996 1956 laborem
1023 1895 1334 1978 plurimum
1360 1912 1376 1954 t
1409 1894 1631 1954 deinde
1660 1894 1927 1954 abscessi
1956 1895 2032 1955 ab
2055 1893 2391 1956 bominibus
2426 1895 2646 1975 ineptis

327 1989 700 2062 victus‚meo
725 1988 970 2068 quidem
999 1989 1308 2048 immerito.
1360 1987 1454 2047 Ob
1483 1986 1615 2047 haec
1643 1987 1853 2048 incuso
1882 2005 2009 2061 vos,
2056 1989 2159 2066 qui
2209 1989 2509 2069 sapientes
2558 2009 2651 2050 es-

325 2082 428 2156 tis,
457 2101 712 2163 quorum
733 2101 918 2143 causa
941 2090 1374 2140 commentatus
1403 2082 1518 2142 ista
1536 2081 1780 2140 fueram.
1824 2078 1944 2140 Sed
1967 2101 2159 2160 neque
2184 2081 2271 2141 sic
2292 2092 2494 2142 tamen
2515 2101 2649 2142 mea

323 2187 546 2256 sponte
570 2175 842 2234 deseram
867 2173 1254 2234 cordatiores.
1327 2172 1419 2232 Ex
1447 2191 1569 2252 quo
1596 2173 1753 2232 enim
1782 2171 1879 2233 hic
1907 2172 2066 2253 apud
2088 2174 2267 2246 viros,
2304 2175 2465 2254 apud
2494 2194 2648 2255 quos

311 2267 654 2347 jucundum
685 2277 779 2327 est
801 2267 892 2327 vel
917 2268 1094 2327 verba
1118 2266 1312 2326 facere
1339 2276 1401 2325 et
1423 2265 1736 2328 Modestus
1762 2285 1931 2326 meus
1958 2277 2020 2326 et
2046 2267 2328 2330 Cinaedus
2344 2285 2461 2328 non
2492 2267 2649 2328 male

325 2363 644 2437 audivere3
690 2385 922 2445 egoque
949 2372 1112 2440 (nam
1141 2363 1305 2443 virgo
1335 2362 1534 2424 adhuc
1564 2383 1745 2436 eram,
1769 2362 2023 2424 necdum
2058 2364 2277 2425 licebat
2302 2385 2395 2424 me
2418 2366 2651 2444 parere)

327 2459 579 2537 exposui
611 2459 840 2530 foetum,
869 2477 1044 2538 quem
1089 2455 1208 2516 alia
1249 2455 1526 2536 quaedam
1574 2457 1773 2538 puella
1816 2469 2158 2539 susceptum
2206 2457 2490 2527 abstulit:
2539 2478 2649 2520 vos

325 2563 528 2612 autem
555 2551 860 2612 educastis
884 2549 1199 2611 liberaliter
1227 2561 1290 2609 et
1317 2549 1650 2610 instituistis
1676 2569 1691 2610 :
1736 2550 1972 2622 exinde,
2003 2551 2267 2630 inquam,
2291 2551 2433 2611 satis
2478 2571 2651 2632 spec-

325 2654 454 2705 tata
483 2655 580 2704 est
605 2643 744 2704 mibi
773 2653 976 2705 vestra
997 2643 1148 2702 fides
1177 2655 1238 2703 et
1263 2641 1702 2703 benevolentia.
1734 2643 1911 2703 Nunc
1936 2644 2157 2724 itaque,
2178 2656 2244 2703 ut
2269 2645 2506 2704 Electra
2527 2643 2653 2716 illa,

327 2736 494 2797 venit
521 2735 657 2797 hoec
685 2735 1018 2807 Comoedia,
1047 2755 1324 2815 quaerens
1355 2755 1430 2794 an
1460 2736 1609 2796 forte
1640 2736 1901 2797 incidere
1930 2737 2123 2816 possit
2172 2736 2230 2795 in
2283 2746 2651 2817 spectatores

327 2841 454 2889 tam
481 2829 784 2908 sapientes
809 2849 827 2889 ε
869 2839 1161 2908 agnoscet
1188 2830 1366 2900 enim,
1390 2827 1440 2888 si
1469 2828 1651 2888 modo
1680 2849 1813 2888 eum
1834 2831 2186 2908 conspiciat,
2217 2829 2410 2890 fratris
2434 2830 2655 2890 cincin-

329 2942 496 2982 num.
540 2921 736 2991 Quam
769 2941 906 2982 vero
933 2920 1220 2982 modestis
1245 2923 1324 2981 sit
1353 2921 1639 2994 moribus,
1660 2920 1891 2988 videtez
1934 2941 2071 3001 quoe
2118 2922 2366 3000 primum
2412 2923 2653 3004 quidem

325 3039 452 3079 non
489 3019 767 3098 ingressa
809 3029 922 3091 est,
963 3031 1279 3079 consutum
1324 3017 1610 3098 quiddam
1653 3017 1879 3078 habens
1920 3019 2277 3092 coriaceum,
2303 3019 2653 3100 pendulum,

329 3112 573 3172 rubrum
603 3111 665 3171 in
695 3131 949 3186 summo,
989 3129 1278 3185 crassum,
1325 3123 1392 3172 ut
1433 3111 1631 3190 pueris
1676 3111 1829 3170 risus
1868 3111 2198 3181 excitetur-3
2242 3133 2437 3193 neque
2476 3112 2655 3173 irrisit

327 3203 563 3276 calvos,
585 3223 698 3264 nec
727 3205 1037 3265 cordacem
1072 3204 1350 3264 saltavit:
1396 3223 1506 3262 nec
1534 3223 1737 3277 senex,
1764 3204 1867 3283 qui
1912 3223 2121 3265 versus
2165 3207 2395 3277 recitat,
2438 3207 2653 3266 baculo

331 3297 604 3356 verberat
631 3295 992 3370 adstantem,
1015 3296 1179 3356 dieta
1205 3295 1507 3356 mordacia
1538 3296 1859 3357 retundens
1877 3316 1896 3366 ς
1942 3317 2135 3378 neque
2164 3297 2368 3378 irrupit
2417 3299 2475 3357 in
2520 3303 2657 3360 sce-2

331 3407 470 3450 nam
499 3407 638 3449 cum
660 3389 913 3464 facibus,
943 3407 1054 3449 nec
1085 3391 1173 3458 Io,
1217 3391 1298 3463 io,
1341 3387 1596 3449 clamat:
1642 3389 1751 3449 sed
1794 3389 2141 3470 sibimetipsi
2181 3377 2243 3453 et
2284 3392 2547 3452 versibus
2589 3392 2657 3451 fi-

331 3481 485 3543 dens
514 3480 778 3542 advenit.
851 3483 924 3541 Et
952 3501 1066 3562 ego
1097 3481 1360 3561 quidem,
1391 3480 1495 3560 qui
1525 3481 1663 3542 talis
1692 3483 1871 3562 poeta
1898 3484 2030 3556 sim,
2061 3503 2177 3544 non
2203 3486 2511 3564 superbio;
2548 3505 2653 3545 ne·

329 3594 450 3654 que
479 3574 696 3634 studeo
724 3594 832 3634 vos
861 3573 1154 3655 decipere,
1185 3575 1278 3634 bis
1305 3584 1466 3635 terve
1493 3573 1703 3634 eadem
1736 3574 2192 3637 introducendo.
2234 3577 2455 3638 Verum
2497 3597 2654 3638 sem-

333 3687 442 3749 per
461 3685 656 3728 novas
679 3667 896 3727 formas
925 3667 1362 3738 comminiscor,
1391 3686 1541 3746 quas
1591 3667 1858 3744 inferam,
1902 3667 2047 3728 nihil
2094 3669 2248 3730 inter
2272 3669 2358 3731 'se
2410 3671 2657 3744 similes,

331 3761 518 3820 scitas
545 3770 610 3820 et
633 3759 864 3839 lepidas
895 3779 1144 3820 omnes:
1189 3759 1290 3839 qui
1320 3758 1575 3840 plurima
1618 3760 1837 3821 valenti
1883 3761 2076 3841 'gratia
2128 3761 2341 3823 Cleoni
2390 3775 2655 3824 ventrem

333 3845 771 3934 percussi,'nec
801 3852 1054 3932 amplius
1086 3865 1283 3912 tamen
1311 3851 1366 3911 ei
1395 3851 1669 3912 insultavi
1706 3853 1953 3933 jacenti.
1998 3854 2103 3915 Isti
2152 3865 2371 3928 autem,
2414 3857 2517 3917 ubi
2562 3876 2658 3916 se-

331 3945 450 4006 mel
484 3963 698 4006 ansam
725 3943 894 4006 dedit
921 3944 1324 4025 Hyperbolus,
1351 3944 1631 4006 miserum
1670 3945 1833 4006 illum
1876 3946 2119 4008 assidue
2160 3948 2541 4021 conculcant,
2593 3967 2657 4008 e·

319 4039 551 4119 jusque
579 4047 849 4098 matrem.
893 4037 1156 4098 Primum
1187 4037 1426 4117 quidem
1457 4040 1720 4100 omnium
1751 4039 2000 4120 Eupolis
2038 4041 2343 4102 Maricam
2388 4051 2657 4122 protrax-
2686 4091 2695 4098 ,

331 4131 401 4204 it,
426 4151 614 4211 quum
639 4140 878 4193 nostros
916 4131 1167 4210 Equites
1193 4130 1252 4190 in
1277 4131 1460 4191 alium
1488 4131 1755 4192 habitum
1786 4132 1940 4194 male
1978 4142 2407 4194 commutasset
2442 4133 2657 4209 malus,

339 4223 572 4296 addita,
599 4245 740 4305 quoe
767 4223 1082 4285 cordacem
1113 4225 1380 4298 saltaret,
1410 4243 1529 4285 anu
1561 4224 1915 4299 temulenta,
1940 4245 2119 4306 quam
2149 4225 2377 4310 pridem
2409 4227 2660 4310 Phryni-

331 4317 489 4380 chus
526 4328 906 4386 commentus
947 4317 1164 4390 fuerat,
1205 4318 1629 4398 objeceratque
1670 4319 1913 4380 mariuoe
1958 4319 2172 4380 beluae.
2218 4319 2455 4381 Deinde
2506 4321 2661 4381 Her·

335 4409 574 4490 mippus
603 4430 811 4471 rursus
839 4411 1250 4492 Hyperbolum
1290 4411 1589 4480 traduxitz
1636 4423 1698 4472 et
1727 4412 1853 4491 jam
1895 4429 2105 4474 omnes
2148 4413 2248 4473 alii
2294 4413 2659 4474 insectantur

329 4503 774 4593 Hyperbolum,
799 4504 1090 4586 imagines
1120 4525 1284 4566 meas
1313 4503 1389 4566 de
1430 4506 1715 4588 anguillis
1754 4505 2077 4570 imitantes.
2124 4506 2478 4586 Cuicunque
2512 4526 2659 4588 ergo
