3059 5059
393 388 436 449 4
1125 388 1949 483 Anls‘roPnAms
2354 394 2711 474 [isa-216

393 537 570 599 quam
599 514 871 595 istorum,
897 540 1037 600 quoe
1080 531 1146 581 tu
1173 518 1276 581 hic
1317 520 1488 594 dixti,
1523 520 1725 596 cred‘o,
1750 532 1970 602 prester
1997 520 2287 585 locustas.
2332 524 2341 529 '
2370 520 2584 586 Taso.
2626 524 2709 585 Et

391 632 554 674 nunc
579 613 740 674 illam
769 625 1032 694 gentem,
1057 634 1194 695 quoe
1223 614 1685 677 bellicosissima
1724 617 1981 677 babetur
2012 616 2166 677 inter
2212 616 2503 689 Thracas,
2528 616 2705 678 nobis

392 706 572 767 misit.
659 708 810 769 Dic.
841 709 1006 769 Istuc
1036 708 1273 788 quidem
1293 707 1420 787 jam
1449 710 1829 789 perspicuum
1862 704 2253 789 fieri⁰occipit.
2272 716 2285 731 “
2339 708 2560 769 Pane.
2580 711 2707 771 Vos

389 798 652 859 Thraces
681 800 912 871 adeste,
961 820 1115 879 quos
1156 800 1426 861 Theorus
1471 801 1744 862 adduxit.
1829 802 1981 863 Dic.
2036 801 2201 873 Quid
2238 802 2357 862 hoc
2402 801 2541 861 mali
2568 803 2711 862 est?

389 892 599 954 Tuto.
657 893 1132 953 Odomantorum
1203 894 1518 955 exercitus.
1654 895 1804 955 Dic.
1862 896 2130 964 Quorum
2188 894 2708 955 Odomantorum2

393 986 510 1048 Dic
562 987 727 1060 mihi,
756 986 870 1047 boc
919 986 1064 1065 quid
1132 986 1306 1048 erat?
1371 988 1647 1067 quisnam
1703 988 2061 1049 Odomantis
2104 988 2401 1047 mutilavit
2442 988 2705 1067 penem?
2774 986 2779 989 ’

393 1083 583 1163 quis?
663 1086 870 1144 Tuto.
917 1084 1044 1156 Isti,
1093 1088 1143 1143 si
1199 1082 1333 1164 quis
1379 1084 1466 1144 eis
1509 1084 1843 1146 mercedem
1886 1084 2119 1147 dederit
2158 1085 2313 1145 duas
2362 1083 2709 1157 drachmas,

391 1177 830 1257 incursionibus
880 1177 1249 1238 infestabunt
1291 1196 1527 1237 omnem
1578 1178 1890 1239 Boeotiam.
1992 1178 2144 1237 Dtc.
2196 1178 2387 1238 Hisne
2438 1176 2705 1237 recutitis

292 1285 299 1292 ·
391 1270 544 1331 duas
593 1269 955 1330 drachmas?
1036 1270 1391 1351 ingemiscat
1459 1272 1667 1350 utique
1716 1271 2007 1351 remigum
2062 1270 2375 1331 universus
2420 1270 2703 1351 populus,

390 1363 708 1443 sospitator
735 1363 916 1422 urbis.
989 1362 1106 1421 Hei
1146 1362 1284 1422 mihi
1315 1363 1561 1423 misero!
1604 1382 1820 1443 pereo:
1866 1366 1943 1423 ab
1972 1362 2329 1424 Odomantis
2376 1363 2521 1423 allia
2558 1364 2701 1423 mihi

389 1457 776 1537 populantur.
861 1456 1078 1517 Nonne
1121 1455 1440 1535 projicietis
1489 1456 1679 1516 allia?
1760 1458 1970 1519 Tneo.
2012 1458 2071 1517 Ο
2120 1457 2404 1537 improbe,
2446 1476 2591 1518 cave
2620 1476 2699 1518 ne

387 1550 644 1611 accedas
667 1550 744 1612 ad
766 1551 934 1621 istos,
963 1548 1066 1629 qui
1087 1548 1274 1609 alliati
1296 1560 1456 1609 sunt.
1524 1550 1675 1610 Drc.
1700 1550 1935 1611 Siccine
1956 1568 2051 1610 me
2072 1550 2287 1629 injuria
2312 1549 2469 1610 affici
2488 1550 2703 1623 sinitis,

385 1662 424 1705 ο
457 1642 770 1724 Prytanes,
799 1643 859 1701 in
890 1642 1103 1723 patria,
1133 1641 1316 1721 idque
1345 1663 1380 1701 a
1408 1642 1677 1703 barbaris
1708 1642 2071 1703 hominibus.
2118 1642 2243 1702 Sed
2282 1642 2593 1714 interdico,
2614 1662 2695 1703 ne

385 1737 598 1797 concio
619 1736 914 1796 habeatur
927 1734 1256 1794 Thracibus
1276 1754 1454 1815 super
1473 1734 1767 1797 mercede.
1807 1736 1963 1797 Dico
1984 1747 2181 1797 autem
2206 1735 2374 1795 vobis
2392 1745 2696 1796 ostentum

383 1828 610 1891 sactum
647 1848 804 1901 esse,
847 1838 908 1888 et
949 1844 1042 1887 me
1073 1836 1246 1906 gutta
1271 1827 1490 1907 pluviae
1515 1829 1833 1908 percussit.
1876 1828 2127 1891 Ῥιυεο.
2168 1828 2429 1887 Thraces
2460 1829 2699 1901 abeant,

387 1932 450 1982 et
497 1922 698 1982 adsint
747 1930 886 2001 post
933 1920 1169 1979 tertium
1219 1919 1421 1980 diem.
1404 1939 1421 1956 ·
1477 1938 1615 1980 nam
1655 1923 1946 2002 Prytanes
1990 1922 2297 1982 dimittunt
2322 1922 2697 1982 concionem.

387 2014 539 2074 D1c.
569 2014 686 2073 Hei
715 2012 858 2072 mihi
887 2013 1137 2073 misero!
1191 2026 1481 2092 quantum
1514 2012 1698 2074 alliati
1730 2014 2001 2095 perdidi!
2070 2014 2589 2075 Verumenimvero
2618 2032 2696 2075 ex

381 2106 819 2168 Lacedoemone
875 2106 1051 2166 adest
1101 2106 1213 2165 iste
1267 2106 1684 2185 Amphitbeus.
1770 2108 1949 2169 Salve
2006 2107 2381 2189 Amphithee.
2466 2108 2699 2169 Auru.

385 2188 668 2260 Nondum
697 2201 894 2272 etiam,
923 2198 1267 2279 priusquam
1295 2218 1529 2260 currere
1574 2200 1830 2262 desiero.
1919 2202 2074 2262 Nam
2116 2203 2261 2301 fuga
2310 2220 2403 2259 me
2432 2200 2697 2281 effugere

383 2286 619 2372 oportet
661 2293 1098 2353 Acharnenses.
1183 2293 1335 2352 Dte.
1379 2293 1541 2361 Quid
1585 2295 1669 2353 rei
1720 2295 1861 2356 est?
1948 2298 2173 2359 Auru.
2194 2284 2618 2355 ‘Tibiserens
2603 2316 2697 2355 m·

381 2384 590 2483 ducias
616 2386 733 2446 huc
762 2386 1190 2465 properabam:
1247 2385 1356 2447 sed
1385 2386 1722 2448 olfecerunt
1750 2386 1992 2467 quidam
2045 2387 2463 2448 Acharnenses
2490 2389 2697 2461 vetuli,

383 2456 513 2539 duri
551 2498 749 2551 senes,
783 2478 974 2558 iligni,
1003 2478 1277 2551 immites,
1327 2479 1429 2557 qui
1477 2479 1617 2539 olim
1663 2480 2019 2541 Marathone
2058 2490 2423 2562 pugnarunt,
2452 2483 2695 2553 acerni3

378 2585 520 2632 mox
549 2582 746 2632 autem
759 2591 880 2631 uno
909 2589 1008 2631 ore
1037 2571 1488 2632 exclamarunt.
1523 2575 1577 2633 0
1608 2575 2021 2653 impurissime,
2046 2574 2484 2651 induciassers,
2515 2592 2697 2654 quum

379 2666 528 2725 viles
549 2665 756 2726 (πίσω
783 2666 910 2725 sint
937 2664 1012 2724 ab
1040 2664 1358 2723 hostibus?
1408 2665 1701 2745 simulque
1739 2665 1971 2747 lapides
2010 2666 2414 2745 colligebant
2400 2685 2457 2725 tn
2488 2665 2693 2746 pallia.

345 2758 514 2839 ‘Ego
562 2768 756 2820 autem
795 2760 856 2819 in
903 2755 1090 2838 pedes
1133 2778 1230 2817 me
1258 2756 1519 2837 conjeciz
1566 2758 1651 2817 illi
1700 2778 1838 2820 vero
1884 2779 1979 2819 me
2002 2760 2303 2840 persecuti
2344 2772 2489 2821 sunt
2528 2760 2695 2821 voci-

375 2852 658 2914 ferantes.
762 2853 914 2912 Dic.
984 2851 1396 2911 Vociferentur
1425 2870 1571 2911 sane
1618 2851 1726 2913 illi.
1810 2854 1899 2911 Tu
1930 2870 2073 2912 vero
2126 2851 2323 2911 fersne
2370 2852 2693 2913 inducias?

378 2948 611 3009 Auru.
683 2946 856 3018 Fero,
897 2944 1163 3023 inquam,
1219 2944 1331 3029 tria
1371 2944 1583 3005 haecce
1636 2946 1982 3025 specimina.
2068 2934 2215 3005 lstae'
2258 2943 2501 3025 quidem
2552 2954 2697 3006 sunt

375 3038 884 3118 quinquennales;
943 3056 1094 3115 cape
1145 3047 1207 3096 et
1273 3047 1470 3115 gusta.
1574 3038 1723 3099 Dic.
1768 3036 1963 3097 Phui!
2046 3038 2272 3099 Auen.
2331 3036 2496 3106 Quid
2552 3037 2693 3098 est?

377 3132 535 3193 D1c.
581 3132 718 3192 Non
761 3130 1006 3211 placent
1027 3127 1192 3200 mibi,
1233 3130 1374 3207 quia
1409 3130 1682 3191 redolent
1708 3131 1902 3210 picem
1944 3142 2008 3191 et
2050 3138 2397 3210 apparatum
2424 3129 2691 3191 navium.

378 3226 611 3286 Auru.
659 3220 1034 3285 Decennales
1077 3220 1191 3279 has
1241 3242 1385 3301 ergo
1431 3242 1604 3302 cape,
1655 3242 1880 3304 easque
1923 3232 2123 3304 gusta.
2204 3222 2354 3282 Drc.
2388 3219 2691 3282 Redolent

375 3316 510 3378 istae
540 3318 718 3379 etiam
761 3332 1042 3397 perquam
1089 3314 1299 3374 acerbe
1357 3314 1589 3394 legatos
1640 3316 1699 3375 in
1748 3318 1927 3377 urbes
1978 3317 2265 3377 abeuntes
2302 3324 2579 3395 questum
2608 3312 2689 3375 de

375 3411 674 3472 sociorum
704 3427 889 3469 mora.
974 3408 1204 3467 Aura.
1247 3408 1328 3466 At
1369 3407 1502 3469 istae
1535 3421 1679 3469 sunt
1702 3409 1963 3471 induciae
1992 3409 2351 3471 tricennales
2382 3419 2537 3468 terra
2560 3425 2691 3467 ma·

373 3504 564 3583 rique.
653 3503 802 3562 Dic.
833 3500 889 3559 Ο
923 3499 1256 3562 festivitas!
1298 3499 1576 3562 redolent
1602 3502 1736 3565 istoe
1764 3502 2007 3583 quidem
2042 3502 2401 3563 ambrosiam
2450 3511 2513 3560 et
2546 3518 2693 3561 nec·

379 3604 511 3663 tar;
543 3614 654 3655 nec
674 3595 890 3675 jubent
916 3604 1310 3655 commeatum
1356 3612 1569 3673 parare
1596 3595 1657 3653 in
1688 3605 1806 3657 tres
1836 3594 2006 3666 dies;
2048 3594 2370 3676 palamque
2396 3603 2461 3654 et
2484 3605 2691 3673 aperte

377 3686 608 3762 dicunt,
639 3686 697 3762 I,
739 3708 852 3769 quo
896 3688 1075 3748 lubet.
1159 3686 1290 3746 Has
1331 3687 1567 3767 accipio
1618 3699 1682 3749 et
1716 3686 1840 3748 libo
1886 3700 1950 3748 et
1996 3690 2157 3762 bibo,
2198 3688 2689 3748 Acharnensibus

375 3779 628 3839 'multum
658 3779 852 3840 valere
883 3780 1116 3860 jussis:
1159 3798 1274 3859 ego
1320 3798 1458 3841 vero
1500 3779 1731 3857 solutus
1775 3780 1932 3842 bello
1974 3792 2039 3843 et
2076 3782 2380 3854 erumnis,
2424 3800 2527 3841 rus
2564 3780 2688 3853 ibo,

375 3871 574 3952 ibique
604 3890 776 3952 agam
799 3873 1108 3933 Liberalia.
1191 3875 1422 3935 Amen.
1463 3872 1547 3933 At
1570 3894 1685 3955 ego
1711 3875 1917 3954 fugere
1958 3894 2223 3955 pergam,
2264 3894 2343 3937 ne
2382 3892 2480 3935 me
2508 3874 2691 3937 corri-

373 3964 544 4045 piant
569 3966 1004 4027 Acharnenses.
1089 3966 1300 4026 Cnoa.
1347 3964 1480 4027 Hac
1523 3970 1713 4029 omnis
1742 3988 2017 4048 sequere,
2048 3987 2423 4049 persequere,
2450 3980 2512 4029 et
2540 3969 2690 4029 scis·

373 4056 559 4119 citare
588 4060 662 4119 de
689 4058 926 4119 homine
955 4078 1029 4119 ex
1068 4058 1390 4119 viatoribus
1419 4060 1693 4122 omnibus
1718 4078 1735 4121 ε
1778 4080 1917 4121 nam
1946 4062 2021 4121 ad
2054 4060 2481 4141 rempublicam
2506 4061 2691 4141 perti-

377 4247 546 4306 novit
602 4264 860 4325 quonam
905 4264 970 4305 se
1013 4232 1275 4323 gentium
1319 4248 1613 4307 convertit
1652 4248 1767 4308 iste
1810 4247 1911 4326 qui
1954 4247 2067 4331 sert
2119 4244 2415 4307 inducias.
2513 4246 2683 4307 Seu.

379 4338 626 4419 Effugit,
653 4338 819 4409 abiit,
851 4337 1109 4397 evanuit.
1193 4338 1409 4399 Cnoa.
1459 4339 1573 4401 Hei
1602 4340 1744 4401 mibi
1786 4340 2003 4401 misero
2034 4345 2050 4399 ξ
2132 4340 2189 4397 Ο
2220 4348 2457 4398 oetatem
2492 4354 2687 4397 meam

379 4436 724 4492 senectam!
767 4449 886 4491 non
949 4450 1096 4491 sane
1140 4432 1200 4489 in
1249 4450 1382 4491 mea
1421 4432 1758 4511 juventute,
1806 4452 1989 4515 quum
2032 4442 2287 4493 onustus
2324 4431 2689 4492 carbonibus

378 4524 694 4606 Phayllum
726 4527 1088 4605 assequebar
1133 4525 1446 4599 currendo,
1476 4526 1591 4587 iste
1640 4528 1724 4588 ita
1768 4528 1945 4590 facile
1972 4526 2347 4589 induciarum
2374 4524 2619 4605 gerulus
2646 4544 2687 4590 a
