3059 5059
496 369 573 430 92
1252 353 2031 430 ARISTOPHANIS
2353 373 2790 452 [loos-1366

496 519 637 562 nam
663 518 927 582 puerum,
955 501 1189 562 tametsi
1212 508 1305 560 est
1324 517 1527 575 senex,
1551 519 1688 562 eum
1717 519 1930 562 vocare
1957 519 2064 581 par
2097 512 2212 577 est,
2235 501 2340 581 qui
2369 501 2580 583 9¹⁸8„
2619 517 2792 564 aece-

497 593 672 676 perit.
758 593 1027 654 Xan-ru.
1089 594 1307 653 Annon
1347 612 1495 671 ergo
1533 593 1638 654 ille
1679 612 1864 654 senex
1901 593 2122 654 malum
2161 607 2292 656 erat
2341 595 2794 668 atrocissimum,

494 698 559 750 et
586 687 965 749 convivarum
992 686 1179 747 multo
1204 685 1765 767 petulantissimus?
1827 686 1958 746 Etsi
1983 687 2270 748 adessent
2307 687 2628 769 Hippylus,
2665 689 2794 748 An·

492 779 683 860 tipho,
717 778 900 860 Lyco,
928 779 1314 860 Lysistratus,
1357 779 1825 858 Theophrastus,
1880 779 2275 862 Phrynichus,
2331 780 2539 842 borum
2593 789 2796 840 tamen

486 871 591 932 ille
608 871 871 932 omnium
897 872 1075 953 longe
1104 882 1233 934 erat
1260 871 1766 952 injuriosissimus.
1809 874 2010 944 Quum
2038 875 2192 935 enim
2225 891 2290 935 se
2307 873 2558 954 primum
2577 871 2793 953 imple-

491 965 579 1026 vit
604 964 806 1025 multis
834 965 1085 1040 deliciis,
1116 966 1353 1045 occepit
1380 966 1624 1039 saltare,
1653 966 1998 1046 tripudiare,
2029 967 2266 1048 pedere,
2296 967 2507 1040 ridere,
2532 977 2602 1026 ut
2639 965 2796 1026 asel·-

490 1056 585 1118 lus
606 1057 831 1120 hordeo
872 1070 1197 1134 saturatus,
1216 1071 1277 1119 et
1318 1077 1411 1119 me
1454 1059 1787 1120 verberavit
1820 1061 2026 1142 probe,
2069 1062 2258 1133 Puer,
2303 1062 2492 1132 Puer,
2533 1060 2798 1142 compel-

490 1150 645 1212 lans.
732 1152 969 1213 Deinde
999 1163 1067 1214 ut
1107 1154 1299 1233 ipsum
1348 1151 1499 1212 vidit
1543 1152 1930 1232 Lysistratus,
1971 1154 2265 1233 increpuit
2302 1173 2458 1228 eum,
2498 1153 2612 1214 hac
2651 1171 2800 1213 usus

490 1243 915 1308 similitudine:
959 1247 1187 1308 Similis
1208 1267 1291 1315 es,
1320 1265 1355 1305 o
1382 1265 1579 1319 um,
1605 1247 1761 1326 [αεὶ
1799 1265 1995 1308 recens
2043 1248 2280 1320 ditata,
2321 1254 2378 1307 et
2421 1247 2642 1307 viatore
2687 1244 2798 1326 qus·

488 1340 735 1420 aufugit
762 1342 830 1400 r‘rs
846 1341 1071 1421 paleas.
1156 1343 1239 1400 At
1260 1340 1359 1399 ille
1384 1340 1624 1401 sublato
1646 1338 1900 1400 clamore
1921 1340 2118 1420 ipsum
2147 1352 2356 1401 contra
2385 1339 2632 1400 similem
2653 1357 2790 1400 esse

490 1431 642 1492 dixit
659 1433 930 1505 locusta,
950 1453 1083 1514 quae
1092 1433 1323 1514 floccos
1336 1432 1733 1512 amisitpallr',
1761 1442 1820 1493 et
1843 1433 2116 1494 Sthenelo
2137 1432 2494 1513 supellectile
2519 1431 2800 1511 spolaeto.

490 1523 587 1583 llli
631 1545 769 1587 vero
814 1527 1089 1606 plausum
1135 1527 1488 1599 excitarunt,
1539 1536 1788 1605 excepto
1835 1525 2243 1607 Theophrasto
2283 1525 2434 1598 sole,
2483 1525 2584 1605 qni
2623 1525 2794 1586 labra

486 1615 917 1698 distorquebat,
942 1630 1147 1700 utpote
1174 1621 1261 1680 vir
1290 1619 1475 1679 scitus
1502 1627 1565 1679 et
1591 1620 1855 1700 elegans.
1936 1620 2088 1680 Tum
2111 1639 2293 1681 senex
2313 1617 2784 1698 Theophrastum

486 1713 821 1788 percontari
849 1713 935 1773 sic
956 1713 1083 1772 infit
1108 1731 1125 1772 ε
1184 1714 1311 1775 Dic
1337 1711 1505 1786 milti,
1533 1731 1710 1794 quare
1737 1713 2024 1793 superbis,
2051 1721 2436 1792 venustiusque
2459 1719 2528 1772 et.
2553 1711 2786 1790 lepidus

486 1803 691 1864 haben·
716 1808 823 1879 vis,
850 1812 952 1887 qui
978 1807 1315 1869 scurriliter
1358 1805 1646 1868 divitibus
1675 1807 2050 1887 subpalparr's
2094 1825 2315 1886 semper·
2332 1806 2362 1864 ?
2423 1802 2784 1884 Hujusmodi

484 1899 857 1959 contumeliis
876 1900 1143 1980 singulos
1166 1901 1593 1972 insectabatur,
1609 1900 1900 1960 cavillans
1925 1901 2166 1975 rustice,
2187 1909 2590 1982 praetereaque
2611 1897 2784 1956 fabu-

484 1988 577 2049 las
604 2009 851 2052 narrans
886 1991 1281 2072 ineptissime,
1322 1992 1468 2052 nihil
1512 1991 1592 2051 ad
1631 2012 1752 2053 rem
1795 1993 2102 2055 facientes.
2189 1991 2422 2054 Deinde
2465 2003 2782 2070 postquam

482 2082 804 2146 inebriatus
836 2095 947 2158 est,
978 2077 1217 2146 domum
1245 2087 1424 2158 venit,
1452 2087 1770 2146 verberans
1812 2107 2038 2161 omnes,
2067 2086 2404 2168 quicunque
2441 2085 2526 2145 illi
2565 2085 2776 2146 fierent

484 2175 733 2236 obviam.
818 2177 897 2238 Et
918 2197 1125 2239 eccum
1147 2178 1271 2259 jam
1304 2178 1570 2239 titubans
1598 2180 1868 2248 accedit:
1914 2180 2023 2241 sed
2061 2181 2352 2241 facessam
2393 2177 2553 2249 hinc,
2595 2177 2782 2257 prius-

479 2287 659 2348 quam
686 2270 901 2350 plagas
932 2273 1237 2352 accipiam.
1322 2272 1523 2332 Pmr..
1571 2271 1859 2346 Desinite,
1885 2273 2218 2334 concedite.
2251 2271 2516 2332 Plorabit
2563 2269 2778 2350 aliquis

482 2380 703 2434 eorum,
731 2363 833 2441 qui
861 2383 1015 2444 pone
1042 2385 1135 2426 me
1164 2377 1515 2445 sequuntur.
1603 2365 1770 2424 Vah!
1829 2377 1896 2428 ut
1939 2386 2067 2439 vos,
2097 2364 2209 2426 nisi
2231 2363 2546 2437 facessitis,
2585 2382 2624 2423 o
2665 2362 2776 2422 im-

480 2455 669 2535 probi,
699 2456 811 2518 hac
838 2457 979 2519 teda
1007 2459 1409 2519 torrefaciam!
1496 2458 1705 2519 anr..
1748 2459 2026 2520 Profecto
2054 2468 2118 2518 tu
2139 2457 2310 2518 dabis
2339 2475 2474 2517 cras
2501 2475 2610 2538 pro
2638 2455 2772 2516 istis

478 2568 687 2630 poenas
708 2551 877 2610 nobis
904 2551 1197 2624 omnibus,
1222 2552 1335 2610 etsi
1364 2571 1397 2608 v
1464 2550 1900 2640 dr-,iuypniliter
1923 2551 2122 2612 audax
2149 2571 2234 2610 es.
2321 2547 2479 2608 Nam
2507 2567 2624 2608 una
2649 2567 2778 2608 om-

482 2661 589 2702 nes
616 2642 936 2716 veniemus,
964 2653 1023 2703 te
1052 2644 1111 2702 in
1129 2644 1233 2722 jus
1261 2651 1436 2702 vocat
1495 2651 1838 2714 duobffln..
1883 2644 2022 2717 Hui,
2051 2643 2176 2716 hui,
2205 2643 2468 2704 vocaturi
2486 2643 2514 2700 Ι
2577 2641 2773 2701 Obso-

480 2735 601 2794 leta
620 2735 746 2796 haec
776 2747 971 2796 vestra
991 2745 1152 2797 sunt.
1234 2735 1393 2794 Num
1419 2606 1658 2808 elihu·
1659 2735 1817 2807 citis,
1845 2755 1938 2794 me
1967 2755 2042 2796 ne
2071 2755 2286 2796 nomen
2313 2734 2556 2814 quidem
2585 2734 2772 2796 litium

478 2830 770 2908 patienter
796 2829 1044 2891 audire?
1094 2829 1179 2902 Io,
1200 2828 1259 2890 io
1280 2834 1297 2887 1
1348 2828 1467 2887 ista
1492 2826 1633 2888 mihi
1661 2828 1941 2910 placent:
1967 2829 2154 2909 abjice
2180 2847 2384 2890 camos
2403 2827 2766 2908 judiciarios.

482 2921 697 2984 Nonne
737 2943 873 2984 vero
908 2921 1182 2984 abibitis?
1230 2922 1333 2981 ubi
1370 2931 1463 2982 est
1499 2922 1689 3002 judex
1733 2919 2143 2983 Heliasticus?
2191 2920 2251 2981 in
2291 2921 2507 2981 malam
2535 2939 2772 2981 crucem

480 3017 677 3075 abeat.
754 3015 1031 3077 Ascende
1059 3015 1198 3089 huc,
1220 3014 1461 3075 aureola
1486 3014 1868 3088 melolonthe,
1897 3016 2038 3078 fune
2065 3014 2180 3076 hoc
2219 3033 2396 3074 manu
2438 3013 2731 3095 prehenso
2757 3029 2776 3070 t

478 3107 720 3166 firmiter
742 3127 874 3167 eum
901 3121 1074 3176 tene;
1105 3107 1213 3168 sed
1234 3127 1379 3168 cave
1403 3126 1419 3168 ε
1450 3127 1588 3168 nam
1615 3109 1802 3189 putris
1823 3117 1920 3168 est
1937 3107 2096 3168 funis
2119 3107 2258 3168 iliez
2289 3117 2546 3168 attamen
2575 3101 2774 3168 fricari

480 3199 724 3279 gaudet.
808 3199 961 3260 Vide
989 3211 1185 3260 autem
1210 3219 1387 3278 quam
1414 3210 1473 3260 te
1502 3200 1720 3260 callide
1763 3199 2163 3274 subduxerim,
2195 3201 2467 3262 convivis
2497 3199 2626 3279 jam
2667 3219 2770 3262 ore

478 3292 996 3374 morigeraturam:
1026 3293 1405 3372 quamobrem
1434 3291 1571 3353 huic
1597 3292 1740 3372 peni
1765 3294 2012 3373 gratiam
2033 3293 2204 3352 refer.
2247 3292 2368 3352 Sed
2389 3311 2510 3352 non
2531 3292 2774 3368 referes,

481 3405 592 3446 nec
618 3403 771 3466 opus
796 3386 1155 3466 aggrediare,
1184 3395 1279 3445 sat
1306 3385 1464 3447 scio:
1526 3405 1724 3447 verum
1753 3384 2014 3464 decipies
2043 3394 2105 3446 et
2143 3384 2282 3446 huic
2323 3385 2458 3464 peni
2498 3385 2774 3449 irridebis

478 3499 610 3540 cum
643 3499 859 3560 magno
886 3479 1211 3540 cachinno:
1244 3497 1377 3539 nam
1404 3488 1466 3537 et
1492 3478 1622 3538 aliis
1651 3479 1852 3540 multis
1873 3478 2032 3540 idem
2057 3477 2360 3539 factitasti.
2419 3477 2502 3566 At
2531 3477 2584 3538 si
2611 3497 2774 3540 nunc

478 3572 710 3634 facilem
738 3586 797 3633 te
825 3573 1257 3652 benignamque
1284 3573 1575 3651 praebeas,
1601 3592 1714 3652 ego
1766 3583 1843 3647 te,
1891 3571 1996 3632 ubi
2035 3582 2252 3652 gnatus
2295 3590 2464 3632 meus
2507 3585 2774 3632 mortuus

479 3665 671 3736 fuerit,
699 3665 1019 3726 redemtam
1062 3685 1136 3725 ex
1178 3663 1445 3746 lupanari
1490 3667 1720 3728 habebo
1751 3685 1859 3746 pro
1889 3665 2121 3746 pellice,
2148 3684 2186 3725 o
2215 3683 2412 3725 eunuc
2439 3665 2543 3726 mi.
2593 3666 2772 3728 Nunc

478 3769 676 3820 autem
704 3779 963 3820 meorum
986 3760 1171 3839 ipsius
1192 3760 1477 3820 bonorum
1504 3779 1623 3820 non
1643 3779 1772 3820 sum
1795 3760 2104 3820 dominus:
2135 3777 2266 3819 sum
2283 3757 2436 3820 enim
2448 3758 2688 3838 juvenis
2705 3772 2772 3820 et

476 3871 693 3931 magna
708 3871 851 3913 cura
864 3851 1185 3912 custodior.
1231 3851 1525 3912 Adservat
1541 3853 1694 3914 enim
1715 3873 1806 3914 me
1829 3851 2046 3914 filiolus
2063 3871 2251 3924 meus,
2278 3861 2340 3912 et
2357 3861 2452 3912 est
2471 3869 2764 3927 morosus,

460 3954 789 4023 -ceteraque
814 3945 1199 4025 scrupulosus
1226 3955 1289 4004 et
1314 3947 1588 4006 sordidus
1617 3947 1836 4007 cumini
1864 3956 2056 4006 sector
2071 3957 2144 4006 ‘et
2185 3946 2438 4006 nasturti
2477 3944 2761 4024 scalptos.

478 4037 734 4106 Proinde
764 4037 901 4098 mihi
932 4039 1117 4112 timet,
1145 4059 1220 4098 ne
1258 4059 1635 4119 corrumpam
1697 4059 1830 4100 nam
1873 4051 2084 4118 proeter
2125 4057 2220 4098 me
2259 4048 2430 4117 pater
2467 4037 2522 4098 ei
2563 4037 2762 4099 nullus

477 4139 590 4191 est.
673 4132 791 4192 Sed
822 4151 1025 4194 eccum
1056 4131 1240 4206 illum,
1271 4133 1583 4193 adversum
1617 4145 1674 4194 te
1703 4145 1763 4193 et
1793 4153 1884 4192 me
1927 4133 2181 4192 celerem
2221 4131 2454 4192 videtur
2495 4131 2770 4193 conferre

456 4222 747 4301 gradum.
814 4227 933 4286 Sed
960 4227 1387 4307 quamprimum
1416 4228 1702 4298 consiste,
1728 4226 1820 4286 his
1843 4225 1996 4286 tedis
2029 4226 2260 4298 sumtis,
2287 4235 2354 4284 ut
2381 4244 2510 4284 eum
2531 4225 2768 4303 juveni·

476 4317 609 4378 liter
637 4317 807 4378 ludos
838 4319 1070 4393 faciam,
1112 4320 1275 4381 haud
1318 4341 1491 4381 secus
1536 4339 1606 4381 ac
1648 4322 1746 4380 ille
1787 4339 1879 4380 me
1921 4319 2082 4390 olim,
2123 4329 2442 4397 antequam
2483 4319 2768 4381 initiarer.

480 4409 683 4474 Bur-21..
730 4413 895 4474 Heus
924 4425 1007 4487 tu,
1035 4413 1359 4496 decrepite,
1387 4424 1449 4474 et
1473 4414 1830 4484 cunnitriba,
1860 4412 2162 4474 desideras
2205 4422 2267 4472 et
2307 4410 2524 4472 videris
2568 4429 2772 4474 amare

472 4505 788 4568 formosam
816 4505 1202 4589 sandapilam.
1284 4509 1367 4569 At
1392 4505 1475 4568 ita
1500 4527 1596 4569 me
1623 4506 1842 4588 Apollo
1869 4515 2047 4584 amet,
2061 4514 2130 4567 ut
2151 4513 2216 4567 tu
2243 4505 2398 4567 istuc
2421 4503 2582 4566 haud
2611 4503 2768 4566 inul-
