3059 5059
363 374 726 452 476-541]
1144 364 1959 430 ACHARNENSES..
2626 359 2675 425 2

364 504 640 586 pessimis
689 499 976 584 exemplis
1001 517 1264 580 peream,
1293 497 1346 559 si
1387 496 1533 579 quid
1576 517 1615 558 a
1640 507 1703 559 te
1740 494 1973 578 petiero
1994 490 2271 574 amplius,
2297 493 2517 571 preter
2538 488 2679 550 nni·-

363 618 522 671 cum,
569 597 688 658 hoc
714 593 929 666 solum,
956 593 1072 654 hoc
1099 592 1316 653 solum.
1401 589 1759 652 Scandicem
1790 589 1869 650 da
1897 588 2040 650 mibi
2068 606 2105 647 a
2122 583 2335 645 'matre
2365 595 2681 662 acceptant

363 703 490 752 tua.
556 690 724 751 Ena.
769 685 970 746 Homo
995 684 1418 746 contumeliam
1448 682 1615 744 dicit.
1670 679 1911 742 AEdium
1941 679 2255 761 compinge
2284 677 2463 738 fores.
2522 676 2677 735 Drc.

366 784 422 843 Ο
449 780 670 855 anime,
696 779 827 840 sine
865 778 1146 840 scandice
1169 778 1280 838 erit
1307 775 1596 836 eundum.
1680 771 1864 834 Num'
1886 774 2004 834 scis
2048 783 2337 852 quantum
2379 779 2679 830 certamen

363 895 505 935 mox
526 883 858 935 certaturus
887 871 991 944 sis,
1019 871 1164 932 dum
1185 869 1506 931 sustinebis
1530 889 1635 949 pro
1658 867 2123 936 Lacedaemoniis
2144 861 2387 924 dicere?
2418 859 2679 941 procede

365 987 550 1041 nnnc,
577 965 771 1026 anime
799 964 912 1024 mi:
955 963 1055 1023 isti
1097 980 1246 1030 sunt
1294 981 1583 1024 carceres.
1669 960 1930 1022 Restas?
1972 978 2095 1019 non
2120 959 2253 1030 ibis,
2281 956 2421 1017 licet
2447 953 2686 1033 Euripi-

367 1059 504 1119 dem
549 1056 892 1118 imbiberis?
930 1055 1114 1117 laudo
1157 1065 1216 1118 te
1239 1077 1258 1116 ι
1301 1073 1414 1135 age
1456 1074 1639 1126 nunc,
1688 1070 2091 1114 oerumnosum
2136 1070 2242 1112 cor
2287 1067 2507 1120 meum,
2532 1045 2679 1108 illuc

367 1152 504 1212 abi:
548 1149 766 1211 deinde
801 1159 988 1228 capnt
1032 1149 1156 1210 illic
1204 1151 1426 1230 praebe,
1473 1158 1537 1210 et
1583 1147 1683 1208 dic
1724 1163 2099 1228 quoecunque
2145 1142 2255 1204 tibi
2302 1141 2687 1212 videbuntur,-

367 1245 550 1318 aude,
579 1244 620 1318 i,
647 1242 928 1324 procede,
969 1261 1106 1323 age,
1129 1261 1233 1303 cor
1263 1259 1480 1302 meum.
1570 1240 1788 1302 cnon.
1833 1237 1992 1310 Quid
2020 1235 2253 1298 facies?
2292 1234 2437 1314 qnid
2470 1230 2681 1296 dices?

365 1337 534 1397 Scito
552 1335 678 1416 jam
707 1335 1114 1415 impudentem
1139 1345 1201 1395 te
1243 1355 1380 1395 esse
1407 1344 1471 1394 et
1510 1333 1761 1394 ferreum
1790 1332 2111 1403 hominem,
2149 1329 2255 1409 qui
2277 1327 2503 1389 civitati
2528 1345 2685 1408 proe·

367 1431 522 1490 bens
559 1427 821 1490 cervices
853 1427 1018 1489 solus
1047 1427 1322 1488 omnibus
1366 1427 1454 1487 vis
1499 1423 1929 1487 contradicere.
2014 1425 2177 1484 San.
2225 1421 2423 1482 Homo
2448 1420 2561 1482 iste
2588 1420 2685 1480 in·

373 1521 644 1602 trepidus
691 1539 816 1582 rem
871 1518 1246 1600 aggreditur..
1331 1519 1462 1580 'Eia
1503 1538 1640 1598 age,
1683 1516 2175 1598 quandoquidem
2214 1517 2469 1596 ipsemet
2510 1514 2687 1593 cupis

367 1616 552 1674 verba
577 1612 798 1674 facere.
881 1612 1034 1673 Dxc.
1079 1612 1174 1672 Ne
1205 1611 1348 1672 mihi
1390 1611 1819 1682 succenseatis,
1862 1617 2251 1689 spectatores,
2280 1609 2333 1668 si
2370 1607 2685 1672 mendicus

369 1705 534 1787 apud
573 1705 976 1766 Athenienses
1021 1703 1295 1766 dicturus
1326 1724 1458 1766 sum
1503 1703 1580 1764 de
1630 1703 1931 1784 republica
1978 1703 2038 1761 in
2065 1701 2414 1788 ‘comoediaz
2456 1719 2597 1762 nam
2622 1710 2689 1762 et

369 1797 666 1860 comoedia
691 1797 856 1858 novit
884 1797 1046 1878 quod
1066 1796 1295 1878 justum
1327 1807 1440 1858 est.
1525 1795 1657 1876 Ego
1688 1804 1889 1856 autern
1930 1794 2129 1854 dicam
2176 1794 2395 1856 acerba
2420 1793 2689 1873 quidem,

371 1891 482 1952 sed
502 1885 690 1970 justa.
773 1891 912 1951 Non
945 1890 1103 1951 enim
1147 1909 1307 1950 nunc
1334 1909 1429 1951 me
1457 1887 1913 1950 calumniabitur
1954 1887 2123 1961 Cleo,
2151 1885 2315 1968 quod
2356 1885 2690 1967 peregrinis

369 1983 768 2065 praesentibus
815 1984 1042 2044 civitati
1098 1983 1374 2046 convicia
1421 1982 1638 2044 dicam.
1723 1981 1957 2062 Quippe
1998 1979 2113 2042 soli
2160 2001 2391 2056 sumus,
2438 1979 2689 2059 ludique

377 2077 532 2136 finnt
585 2075 646 2135 in
697 2076 954 2136 Lenoeo:
997 2085 1060 2136 et
1110 2077 1376 2138 nondum
1429 2075 1723 2156 peregrini
1780 2072 2041 2144 adsunt3
2084 2095 2197 2136 nec
2250 2077 2409 2139 enim
2462 2074 2687 2136 tributa

293 2208 310 2214 -
373 2169 647 2242 veniunt,
674 2188 868 2250 neque
899 2189 973 2228 ex
1001 2170 1244 2230 urbibus
1273 2169 1418 2229 socii
1445 2189 1462 2230 ι
1507 2168 1613 2228 sed
1658 2167 1769 2229 soli
1794 2187 2025 2242 sumus,
2054 2187 2213 2228 nunc
2238 2181 2301 2230 et
2328 2168 2689 2250 pei-purgati,

375 2262 664 2343 omnique
719 2271 994 2323 carentes
1052 2263 1296 2342 gluma:
1367 2281 1504 2322 nam
1558 2261 1769 2321 civium
1828 2261 2093 2340 glumam
2149 2261 2417 2324 advenas
2470 2279 2691 2322 vocare

375 2354 562 2416 soleo.
667 2353 962 2435 Equidem
1017 2355 1502 2416 Lacedaemonios
1548 2352 1817 2434 impense
1856 2353 1994 2415 odi:
2054 2365 2235 2435 atque
2280 2355 2510 2416 utinam
2561 2355 2689 2435 ipse

377 2447 722 2528 Neptunus,
762 2447 864 2527 qui
895 2447 953 2506 in
983 2449 1235 2508 Taenaro
1265 2449 1496 2521 colitur,
1525 2457 1700 2508 terrai
1730 2457 1895 2508 motu
1926 2447 2207 2522 excitato,
2244 2448 2519 2510 omnibus
2546 2449 2687 2510 sub-

381 2550 574 2600 vertat
599 2539 810 2599 domos
835 2561 852 2600 t
899 2561 1036 2600 nam
1051 2551 1128 2602 et
1164 2540 1308 2601 mihi
1337 2551 1478 2601 sunt
1513 2541 1589 2600 ab
1615 2541 1733 2602 illis
1761 2540 1913 2602 vites
1941 2541 2197 2604 excisae.
2278 2540 2695 2602 verumenim-

375 2653 518 2694 vero
543 2632 766 2709 (dicam
793 2632 948 2692 enirn
999 2633 1200 2708 libere,
1227 2634 1506 2714 quoniam
1539 2633 1721 2693 amici
1740 2645 1902 2708 sunt,
1937 2635 2039 2715 qui
2065 2633 2317 2696 orationi
2339 2633 2481 2695 huic
2509 2633 2691 2694 inter-

383 2727 558 2802 sunt)
584 2745 692 2787 cnr
737 2725 984 2786 istorum
1028 2745 1274 2788 causam
1317 2725 1380 2786 in
1423 2724 1911 2788 Lacedaemonios
1954 2725 2359 2788 conferimus?
2402 2727 2693 2788 Nostrum

383 2819 544 2880 enim
585 2817 853 2899 quidam,
899 2835 938 2878 o
979 2818 1108 2893 viri,
1163 2838 1286 2880 non
1341 2818 1643 2880 civitatem
1698 2820 2037 2882 universam
2089 2819 2267 2891 dic03
2310 2818 2695 2881 memineritis

385 2912 571 2986 istud,
599 2911 762 2992 quod
793 2930 913 2971 non
941 2911 1244 2974 civitatem
1297 2910 1468 2980 dico;
1497 2911 1621 2973 sed
1665 2913 2091 2973 homunciones
2134 2913 2379 2993 pessimi
2406 2924 2468 2972 et
2495 2929 2695 2992 prava

381 3017 566 3077 notre,
594 3004 867 3076 infames,
896 3003 1240 3078 adulterini,
1270 3005 1577 3066 semicives
1607 3005 1919 3065 calumniis
1944 3014 2235 3066 vexarunt
2261 3005 2653 3085 Megarenses
2674 3021 2696 3066 z
2740 3025 2751 3032 ·

381 3111 443 3160 et
471 3099 522 3159 si
550 3098 682 3178 quis
711 3097 1164 3177 melopeponem
1193 3098 1344 3158 sorte
1370 3097 1621 3168 videret,
1650 3107 1757 3158 aut
1793 3097 2187 3178 lepusculum,
2214 3109 2321 3161 aut
2343 3091 2695 3179 poi-cellum,-

383 3202 488 3253 aut
514 3189 742 3263 allium,
774 3201 879 3250 aut
905 3191 1118 3251 micam
1149 3189 1314 3263 salis,
1346 3191 1665 3271 Megarica
1692 3193 1823 3254 looee
1848 3199 2012 3266 sunt,
2048 3193 2309 3266 aiebant,
2336 3201 2400 3254 et
2424 3201 2699 3272 correpta

384 3283 794 3346 vendebantur
819 3282 1030 3344 eodem
1061 3283 1181 3342 die.
1266 3284 1461 3364 Atque
1488 3283 1622 3344 haec
1648 3283 1891 3364 quidem
1918 3285 2071 3346 levia
2098 3295 2161 3346 et
2188 3286 2525 3346 vernacula.
2570 3283 2697 3346 Se'd.

383 3395 524 3440 vero
568 3374 918 3435 Simoetham
971 3375 1342 3438 meretricem
1390 3377 1641 3456 profecti
1686 3378 1937 3458 Megara
1990 3379 2405 3440 adolescentes
2450 3376 2701 3457 quidam.

383 3469 542 3532 clam
594 3469 833 3548 rapiunt
881 3467 1062 3528 ebrii:
1105 3479 1244 3550 post
1299 3467 1404 3528 illa
1461 3469 1851 3548 Megarenses
1903 3470 2109 3532 dolore
2154 3468 2489 3533 exacerbati
2542 3468 2703 3530 duas

385 3569 598 3622 contra
645 3559 970 3640 surripiunt
1021 3563 1360 3624 meretrices
1416 3560 1735 3623 familiares
1791 3563 2109 3643 Aspasioe:
2154 3572 2215 3625 et
2270 3562 2412 3623 inde
2462 3565 2703 3644 occepit

385 3651 609 3713 bellum
641 3668 950 3731 erumpere
997 3655 1227 3716 Groecis
1259 3655 1578 3729 universis,
1618 3675 1694 3715 ex
1721 3655 1907 3718 tribus
1955 3657 2197 3737 inquam
2220 3657 2453 3720 scortis.
2538 3657 2701 3720 Hinc

387 3743 652 3808 Pericles
701 3742 806 3804 ille
850 3745 1162 3828 Olympius
1191 3768 1316 3828 proe
1343 3746 1653 3810 iracundia
1682 3747 2052 3822 fulminabat,
2082 3750 2349 3831 tonabat,
2378 3753 2703 3812 conturba·-

385 3839 494 3900 bat
547 3836 868 3911 Graeciam,
922 3838 1090 3920 leges
1147 3841 1372 3902 ferebat
1427 3842 1747 3902 scoliorum
1792 3841 1871 3903 ad
1900 3844 2263 3925 exemplum
2320 3845 2593 3927 scriptas,
2630 3853 2703 3907 ut

389 3931 850 4010 Megarensibus
879 3951 991 3994 nec
1019 3933 1078 3993 in
1110 3935 1312 3996 Attica
1339 3933 1601 4014 regione,
1632 3927 1743 3996 nec
1794 3936 1852 3994 in
1902 3936 2055 4008 fore,
2082 3940 2285 4014 necin
2324 3938 2559 4014 insulis,
2586 3957 2703 4001 nec

387 4022 450 4084 in
501 4021 832 4084 continenti
889 4023 1094 4086 liceret
1139 4047 1398 4088 manere.
1499 4029 1653 4088 Tum
1700 4048 1841 4090 vero
1892 4029 2303 4109 Megarenses,
2351 4051 2541 4114 quum
2574 4034 2703 4114 jam

387 4113 682 4177 esurirent
725 4116 970 4193 sensim,
1027 4119 1508 4181 Lacedaemonios
1560 4131 1825 4195 orarunt,
1868 4133 1935 4182 nt
1976 4141 2181 4184 eorum
2236 4141 2349 4207 ope
2404 4126 2707 4188 decretum

387 4209 802 4270 immutaretur
833 4209 994 4272 illud.
1012 4223 1251 4294 propter
1269 4224 1482 4274 scorta
1510 4214 1766 4278 factum:
1810 4225 1875 4276 at
1900 4217 2199 4280 noluimus
2230 4238 2364 4292 nos,
2391 4220 2511 4281 illis
2538 4238 2703 4299 soepe

391 4301 879 4382 deprecantibus.
967 4305 1126 4366 Hinc
1165 4305 1294 4386 jam
1349 4308 1633 4387 strepitus
1688 4327 1979 4370 armorum
2034 4313 2437 4376 exoriebatur.-
2514 4314 2700 4374 Dicet

393 4393 653 4474 aliquis.-
699 4395 838 4457 Non
867 4401 1160 4478 oportuit.
1251 4401 1488 4472 Verum,
1516 4402 1665 4481 quid
1702 4406 1993 4482 oportuit,
2036 4405 2233 4467 dicite.
2322 4407 2387 4466 si
2412 4408 2545 4485 quis
2591 4406 2705 4466 La·

391 4485 894 4548 cedemoniorum
951 4492 1250 4574 profectus
1303 4494 1464 4568 navi,
1512 4514 1617 4575 per
1658 4495 2013 4557 calumniam
2062 4498 2345 4580 Seriphiis
2396 4499 2704 4562 ademtum

473 4577 678 4642 Arist.
699 4637 708 4644 .
729 4579 872 4646 lar.
961 4661 969 4668 υ
2334 4655 2343 4662 ὓ
2490 4591 2541 4652 Β
