3059 5059
292 380 727 459 1111--11671
1227 376 1638 441 PLUTUS.
2459 389 2578 452 που

278 514 491 575 nuntio
510 512 722 593 lingua
744 508 1052 573 exciditur.
1120 510 1241 573 Sed
1268 530 1375 574 cur
1410 510 1654 573 tandem
1698 510 1832 573 lisso
1855 512 2052 575 facere
2097 516 2322 596 cogitat
2365 518 2579 579 nobis?

278 604 505 669 Mune.
550 605 711 675 Quia
754 604 985 667 facinus
1013 605 1421 685 gravissimum
1476 605 1778 686 patrastis.
1860 606 1952 665 Ex
2006 618 2127 687 quo
2181 610 2336 669 enim
2383 610 2582 673 denuo

280 698 463 777 coepit
501 697 701 759 videre
746 696 982 772 Plutus,
1026 718 1201 759 nemo
1236 718 1347 761 nec
1384 699 1551 770 thus,
1595 716 1710 757 nec
1757 698 2007 773 laurum,
2049 719 2162 761 nec
2214 701 2420 777 libum,
2466 724 2582 765 nec

278 791 604 862 victimam,
658 810 769 851 nec
824 790 987 852 aliud
1044 792 1360 872 quicquam
1415 792 1586 851 nobis
1634 790 1748 852 diis
1805 792 2119 855 sacrificat.
2215 794 2384 855 Can.
2443 796 2582 856 Non

282 884 526 954 hei-cleg
565 903 761 962 neque
783 884 1155 945 sacrificabit.
1240 882 1405 946 Male
1426 883 1584 943 enim
1613 885 1802 944 nostri
1839 904 2039 944 curam
2082 886 2375 965 gerebatis
2417 898 2582 951 tunc.

284 976 509 1038 Mune.
552 976 647 1037 De
668 975 881 1037 ceteris
905 976 1142 1056 quidem
1172 977 1289 1037 diis
1316 976 1511 1035 minus
1563 976 1737 1036 anxie
1782 976 2021 1038 laboro:
2071 990 2135 1039 at
2173 1000 2286 1059 ego
2331 983 2476 1062 perii
2523 992 2586 1044 et

282 1070 501 1130 interii.
586 1072 755 1131 Can.
817 1069 1005 1131 Recte
1060 1070 1243 1151 sapis.
1327 1069 1546 1129 Mune.
1615 1070 1814 1129 Antea
1861 1070 2016 1130 enim
2065 1073 2226 1151 apud
2278 1093 2586 1156 cauponas

286 1180 463 1223 mane
492 1163 695 1223 statim
721 1163 1013 1223 habebam
1041 1162 1231 1225 omnis
1250 1162 1485 1242 generis
1524 1162 1814 1234 lautitias,
1856 1162 2033 1223 offam
2074 1162 2214 1227 vino
2255 1169 2586 1243 subactam,

284 1256 424 1330 mel,
452 1257 705 1327 caricas,
758 1274 1131 1335 quaecunque
1184 1274 1291 1336 par
1350 1268 1444 1317 est
1496 1255 1856 1317 Mercurium
1902 1256 2114 1318 edere:
2182 1278 2339 1319 nunc
2387 1270 2586 1322 autem

283 1350 580 1421 esuriens,
603 1366 835 1409 sursum
851 1350 1138 1429 porrectis
1157 1349 1431 1430 pedibus,
1460 1350 1784 1429 requiesco.
1827 1349 1996 1411 Can.
2019 1349 2234 1412 Nonne
2259 1371 2396 1413 vero
2411 1354 2588 1414 meri·

284 1450 370 1515 to,
394 1453 467 1503 ut
492 1441 597 1523 qui
618 1440 837 1502 damno
854 1460 1159 1522 cauponas
1180 1444 1486 1505 mactabas
1510 1442 1783 1515 subinde,
1811 1462 1992 1523 quum
2015 1451 2210 1503 tamen
2227 1443 2398 1505 istius
2426 1446 2586 1508 modi

282 1536 445 1596 bona
486 1538 565 1598 ab
592 1536 711 1596 illis
740 1534 1032 1597 haberes?
1073 1535 1292 1597 Mane.
1323 1535 1459 1596 Heu
1480 1536 1658 1595 miser
1675 1541 1828 1615 ego!
1875 1536 1992 1596 heu
2019 1537 2354 1616 placentam
2407 1560 2585 1620 quar-

282 1638 347 1688 to
378 1630 649 1709 cujusvis
670 1630 888 1691 mensis
910 1628 1007 1689 die
1052 1628 1308 1709 pistum!
1394 1629 1565 1695 Can.
1607 1629 1920 1690 Absentem
1969 1629 2267 1693 desideras
2317 1639 2374 1692 et
2408 1634 2590 1711 frus·

286 1730 385 1782 m
402 1740 593 1783 vocar.
635 1723 855 1784 Mnac-
886 1722 1053 1782 Eheu
1076 1742 1342 1802 pernam,
1370 1742 1550 1803 quam
1579 1742 1694 1802 ego
1720 1722 2132 1785 comedebam!
2175 1724 2345 1784 Can.
2379 1726 2494 1788 Uni
2521 1736 2590 1787 tu

288 1834 493 1895 pernoe
520 1818 757 1877 innixus
799 1817 896 1877 bic
941 1816 1053 1876 sub
1097 1814 1198 1876 dio
1236 1815 1413 1877 salta.
1499 1813 1721 1875 Mune.
1764 1815 1842 1876 Et
1883 1816 2162 1875 intestina
2199 1816 2413 1889 calida,
2449 1838 2587 1898 quoe

286 1926 400 1989 ego
450 1910 871 1972 comedebam!
955 1908 1123 1971 cn..
1169 1908 1592 1970 Intestinorum
1640 1908 1891 1969 tormina
1932 1919 1992 1968 te
2030 1908 2304 1970 videntur
2359 1930 2587 1973 vexare.

288 2002 513 2065 Mune.
554 2004 723 2065 Eheu
773 2004 1017 2065 calicem
1068 2002 1288 2082 oequali
1333 2003 1607 2083 portione
1652 2002 1774 2062 vini
1819 2012 1882 2063 et
1935 2021 2108 2081 aquae
2163 2012 2604 2083 temperatum-1-

288 2094 460 2157 Can.
504 2096 639 2159 Hoc
669 2099 910 2177 insuper
936 2108 1138 2177 epoto,
1164 2096 1596 2177 quamprimum
1623 2095 1764 2157 hinc
1805 2096 2056 2157 facesse.
2141 2096 2358 2159 Mnnc.
2402 2099 2590 2161 Num-

286 2188 559 2266 quidme
587 2192 839 2251 amicum
870 2201 1034 2251 tuum
1064 2209 1177 2268 ope
1200 2200 1307 2249 tua
1333 2188 1621 2270 juvares?
1703 2190 1873 2251 Can.
1917 2188 1984 2249 Si
2031 2189 2324 2269 ejusmodi
2375 2209 2436 2252 re
2484 2193 2592 2254 tibi

284 2299 440 2362 opus
462 2293 578 2354 est,
601 2282 661 2341 iu
691 2302 813 2364 qua
836 2283 943 2343 tibi
970 2282 1257 2363 prodesse
1299 2282 1547 2364 possim.
1634 2282 1856 2343 Mane.
1901 2281 1964 2341 Si
2007 2281 2148 2341 mihi
2188 2301 2400 2363 panem
2443 2285 2594 2347 bene

283 2375 512 2452 pistum
540 2378 836 2455 praebens,
867 2376 1177 2436 comedere
1202 2376 1399 2449 dares,
1437 2386 1499 2436 et
1526 2394 1810 2456 magnum
1836 2374 2088 2435 frustum
2109 2376 2305 2435 carnis
2329 2377 2596 2439 victima·

283 2486 421 2525 rum
446 2486 669 2541 earum,
696 2469 913 2548 quibus
937 2468 1097 2529 intus
1136 2468 1504 2531 sacrificatis.
1589 2470 1759 2530 Can.
1801 2468 1887 2527 At
1924 2466 2030 2527 illa
2059 2466 2251 2527 efferri
2285 2469 2454 2529 nefas
2481 2479 2594 2531 est.

287 2556 515 2619 Mune.
544 2560 725 2639 Atqui
754 2562 999 2640 quando
1028 2559 1270 2639 aliquod
1298 2561 1608 2623 vasculum
1633 2560 1758 2621 heri
1797 2559 1886 2617 tui
1943 2559 2318 2639 surripiebas,
2371 2580 2598 2642 semper

288 2670 401 2731 ego
429 2652 743 2724 faciebam,
770 2663 841 2711 ut
852 2652 1035 2711 latere
1062 2672 1295 2729 posses.
1381 2654 1554 2711 Can.
1597 2652 1686 2710 Ea
1714 2648 1957 2728 quidem
1985 2650 2350 2725 conditione,
2377 2664 2446 2713 ut
2471 2654 2598 2733 ipse

285 2745 587 2826 particeps
630 2746 827 2817 fleres,
874 2761 913 2801 o
953 2742 1245 2822 parietum
1288 2741 1624 2820 perfossor:
1682 2760 1820 2801 nam
1880 2741 2155 2802 obvenire
2209 2742 2314 2804 tibi
2369 2744 2600 2807 solebat

288 2834 536 2915 grandis
554 2835 833 2915 placenta
860 2834 1013 2894 bene
1056 2833 1235 2914 pista.
1322 2832 1543 2894 Mune.
1585 2833 1782 2904 Quam
1827 2833 2044 2894 deinde
2087 2834 2251 2895 solus
2291 2836 2599 2901 comedere

286 2928 569 2991 solebas..
595 2929 766 2989 Can.
796 2926 933 2987 Non
960 2926 1115 2988 enim
1145 2935 1373 3007 partem
1396 2944 1630 3006 aequam
1647 2926 1957 3006 plagarum
1983 2946 2216 2987 mecum
2244 2929 2598 3010 accipiebas,

286 3021 589 3103 siquando
618 3020 1089 3101 deprehenderet
1118 3020 1344 3099 flagitio
1372 3018 1574 3099 aliquo
1601 3021 1943 3080 commisso.
2026 3020 2244 3083 Mne.
2277 3022 2369 3083 Ne
2397 3026 2600 3086 merni-

286 3117 449 3176 neris
478 3126 747 3175 veterum
778 3112 1084 3184 malorum,
1114 3112 1167 3175 si
1196 3112 1427 3193 Phylen
1458 3114 1788 3193 occupasti.
1853 3113 1998 3188 Sed,
2023 3133 2130 3195 per
2155 3115 2303 3177 deos
2329 3119 2601 3197 obsecro,

286 3207 781 3271 contubernalem
808 3225 903 3266 me
925 3204 1186 3286 recipite.
1271 3206 1439 3268 Can.
1484 3206 1674 3281 Itane,
1711 3206 1825 3268 diis
1868 3207 2111 3283 relictis,
2151 3208 2249 3271 hic
2291 3213 2600 3274 manebis?

288 3300 515 3363 Mune.
556 3301 774 3361 Vestra
813 3300 968 3360 enim
1010 3298 1273 3360 conditio
1316 3309 1409 3361 est
1450 3301 1658 3363 melior
1704 3298 1913 3361 multo.
1999 3302 2168 3363 Can.
2212 3302 2373 3371 Quid
2413 3304 2601 3367 vero?

288 3414 437 3455 num
488 3392 864 3475 transfugere
918 3391 1023 3453 tibi
1078 3392 1342 3473 lepidum
1396 3392 1676 3455 videtur?
1761 3394 1984 3456 Mne.
2029 3396 2257 3457 Patria
2303 3398 2456 3457 enim
2511 3408 2598 3461 est

290 3488 487 3549 onais
530 3489 701 3569 regio
744 3488 851 3547 ubi
878 3486 1104 3547 homini
1132 3486 1267 3548 bene
1296 3494 1405 3549 est.
1486 3486 1656 3549 Can.
1698 3486 1912 3561 Quem,
1941 3507 2172 3567 quaeso,
2213 3508 2384 3549 usum
2429 3491 2601 3553 nobis

288 3582 633 3661 prestabis,
688 3580 739 3641 si
791 3580 891 3640 hic
942 3578 1166 3640 fueris?
1250 3579 1470 3641 me.
1509 3580 1727 3641 Januoe
1781 3580 2083 3641 vertendoe
2139 3602 2234 3642 me
2286 3583 2600 3664 proesidem

290 3674 560 3735 facitote.
648 3674 815 3735 Cau.
860 3671 1227 3733 Vertendae?
1280 3673 1443 3753 atqui
1488 3672 1634 3733 nibil
1675 3692 1824 3753 opus
1867 3684 1960 3735 est
1999 3674 2295 3735 versutiis.
2379 3677 2599 3739 Mune.

289 3769 377 3828 At
404 3766 905 3847 negotiationum.
990 3766 1157 3827 Can.
1202 3766 1285 3825 At
1322 3785 1483 3827 nunc
1524 3766 1888 3828 ditescimus.
1973 3765 2135 3836 Quid
2176 3786 2318 3847 ergo
2362 3769 2602 3832 Mercu-

291 3860 446 3921 rium
469 3859 918 3940 Cauponarium
945 3858 1107 3920 alere
1135 3858 1308 3920 nobis
1335 3878 1487 3939 opus
1533 3858 1670 3920 est?
1749 3858 1969 3921 Mane.
2009 3860 2219 3941 ltaque
2254 3860 2378 3923 doli
2421 3864 2602 3924 artifi-

290 3975 447 4018 cem.
537 3956 707 4016 Can.
752 3955 937 4017 Doli?
984 3954 1248 4018 minime.
1333 3955 1472 4015 Non
1500 3956 1659 4016 enim
1697 3974 1848 4038 opus
1877 3956 2114 4036 estjam
2137 3958 2298 4033 dolo,
2327 3959 2431 4021 sed
2461 3960 2603 4021 sim·

289 4049 551 4131 plicibus
586 4048 873 4109 moribus.
957 4047 1179 4110 Mane.
1222 4050 1304 4109 At
1332 4048 1442 4110 viae
1477 4048 1715 4111 ducem.
1797 4048 1966 4111 Can.
1999 4050 2118 4110 Sed
2163 4049 2328 4112 Deus
2359 4052 2487 4131 jam
2514 4053 2602 4115 vi-

294 4142 441 4205 der:
496 4140 771 4224 adeoque
800 4141 953 4203 duce
992 4160 1114 4202 non
1158 4141 1409 4222 amplius
1458 4142 1877 4223 indigebimus.
1960 4143 2180 4205 Mune.
2222 4145 2431 4224 ltaque
2473 4164 2602 4207 cer-

292 4238 587 4298 taminum
614 4254 839 4317 proeses
868 4256 1005 4298 ero:
1046 4246 1111 4297 et
1134 4234 1280 4315 quid
1307 4233 1504 4298 adbuc
1546 4235 1754 4297 dices?
1837 4236 2016 4297 Pluto
2054 4235 2211 4297 enim
2250 4238 2606 4297 convenien-

291 4329 597 4391 tissimum
624 4339 719 4391 est
762 4329 1067 4391 instituere
1105 4328 1427 4391 certamina
1466 4330 1699 4391 musica
1731 4338 1792 4389 et
1830 4330 2123 4411 gymnica.
2208 4331 2379 4391 Can.
2407 4330 2603 4398 Quam

292 4424 525 4484 bonum
552 4433 651 4485 est
674 4422 1031 4504 cognomina
1072 4420 1260 4483 multa
1298 4422 1550 4489 babere!
1604 4422 1718 4485 iste
1763 4424 1922 4484 enim
1956 4423 2071 4484 hac
2113 4423 2341 4485 ratione
2379 4422 2608 4485 invenit

299 4514 413 4579 sibi
441 4516 689 4579 victum.
774 4516 913 4579 Non
942 4526 1161 4581 temere
1190 4535 1397 4579 omnes
1428 4514 1666 4597 judices
1707 4516 1868 4579 omni
1910 4532 2072 4598 saepe
2114 4514 2316 4579 studio
2355 4525 2604 4579 conten-
