3059 5059
450 391 564 448 116
1172 387 1995 450 Aals'rOPHAle
2313 389 2748 468 [1275--1332

444 519 687 599 clypeos
726 521 1123 580 conserebant
1170 520 1525 580 umbonibus
1572 521 1854 580 munitos.
1937 519 2156 581 Tam.
2209 519 2502 601 clypeos?
2547 537 2752 581 nonne

446 611 684 672 desines
712 613 957 693 clypeos
986 631 1313 674 memorare
1342 614 1515 674 nobis
1536 613 1564 671 ’.Ι
1645 613 1839 675 Ρυειι
1883 613 1932 674 1.
1965 613 2081 674 Hic
2111 613 2300 674 virum
2323 613 2580 693 ejulatus
2609 631 2754 674 exo·

444 707 700 768 riebatur
722 707 897 768 simul
926 716 986 767 et
1015 707 1391 787 supplicatim
1474 708 1694 767 Tnve.
1747 707 1952 767 Virum
1995 707 2278 787 eiulatus,
2319 705 2566 786 inquis?
2619 706 2754 786 plo·

445 800 621 872 rabis,
644 799 729 860 ita
755 819 849 860 me
880 799 1155 861 Bacchus
1184 810 1363 873 amet,
1392 800 1654 882 ejulatus
1679 819 1929 875 canens,
1953 819 2178 880 eosque
2220 799 2578 860 umbonibus
2617 819 2752 860 mu-

444 892 623 954 nites.
705 891 898 954 Ρυειι
946 894 993 954 1.
1026 893 1145 953 Sed
1174 894 1321 974 quid
1350 914 1564 956 canam
1594 892 1885 955 tandem?
1938 905 2000 954 tu
2029 895 2185 954 enim
2217 892 2315 954 dic
2345 892 2506 966 mihi,
2533 893 2752 972 quibus

444 985 779 1048 delecteris.
859 987 1076 1048 Tium.
1119 988 1308 1061 Cane,
1338 988 1440 1050 Sic
1480 987 1580 1049 ille·
1620 989 1854 1068 quidem
1895 986 2270 1048 connectebant
2309 986 2480 1047 bom
2521 1005 2753 1060 carnee,

442 1089 505 1140 et
530 1097 664 1160 quoe
685 1089 826 1140 sunt
856 1080 1225 1142 istiusmodi:
1285 1080 1628 1142 Prandium
1674 1077 2055 1161 adponebant
2102 1087 2159 1139 et
2209 1097 2574 1161 quaeeunquc
2610 1087 2756 1140 sunt

440 1193 541 1234 esu
556 1176 918 1235 novissima.
1002 1174 1193 1236 Pm-:a
1218 1175 1265 1235 Ι.
1305 1173 1406 1234 Sic
1431 1174 1519 1234 illi
1548 1173 1790 1255 quidem
1840 1172 2236 1234 comedebant
2293 1173 2474 1232 boum
2517 1189 2755 1244 carnes,

441 1265 881 1346 sudantumque
936 1287 1223 1348 equorum
1280 1267 1539 1328 eervices
1589 1267 1904 1328 solvebant
1930 1266 2104 1347 jugo,
2157 1265 2354 1326 satiati
2401 1264 2528 1345 jam
2573 1264 2756 1326 bello.

442 1358 661 1420 Tam.
690 1359 873 1420 Esto:
931 1359 1087 1422 bello
1114 1361 1313 1420 satiati
1344 1369 1525 1428 sunt:
1563 1359 1784 1426 deinde
1811 1357 2216 1421 comederunt.
2261 1359 2392 1420 Ista
2415 1377 2588 1432 caue,
2615 1359 2756 1434 ista,

442 1463 511 1514 ut
550 1451 917 1514 comederint
960 1453 1179 1514 satiati.
1263 1451 1456 1514 Pons
1505 1454 1557 1514 1.
1603 1452 1837 1534 Deinde
1859 1463 2178 1534 postquam
2219 1451 2471 1526 desiere,
2513 1461 2759 1533 pectora

440 1545 802 1607 munierunt.
886 1546 1105 1607 Tam.
1134 1546 1365 1627 Cupide
1394 1559 1457 1607 et
1500 1546 1795 1620 lubenter,
1835 1557 1904 1607 ut
1929 1546 2130 1610 credo.
2217 1547 2412 1607 Pons.
2433 1547 2484 1606 1.
2509 1546 2560 1605 Ε
2582 1547 2758 1608 turri-

442 1640 555 1701 bus
583 1659 721 1701 vero
750 1659 882 1700 sese
910 1639 1243 1701 effuderunt
1269 1661 1287 1708 3
1342 1639 1568 1702 clamor
1595 1651 1791 1702 autem
1821 1641 2036 1721 ingens
2065 1651 2311 1702 exortus
2335 1650 2452 1702 est.
2533 1639 2754 1702 Tam.

444 1732 731 1796 Pessimis
775 1734 1057 1814 exemplis
1088 1753 1321 1813 pereas,
1367 1755 1404 1794 o
1444 1735 1712 1814 puerulo,
1753 1753 1890 1794 cum
1934 1733 2055 1793 tuis
2097 1732 2353 1814 praeliis:
2409 1732 2754 1794 nihil-enim

442 1827 558 1886 nisi
606 1826 765 1888 bella
792 1827 978 1889 canis.
1054 1827 1389 1910 cujusnam
1419 1847 1560 1888 vero
1587 1826 1742 1888 filius
1769 1826 1885 1886 es?
1927 1825 2120 1888 Pons
2152 1826 2202 1888 1.
2243 1825 2494 1908 Egone?
2533 1827 2753 1888 Tanto.

442 1917 535 1979 Tu
576 1939 720 1999 ergo
759 1920 980 1981 hercle.
1064 1920 1255 1980 Puza
1302 1921 1349 1981 Ι.
1411 1921 1596 1982 Filius
1642 1919 1940 1981 Lamacbi.
2021 1921 2238 1983 Tuto.
2285 1921 2442 1981 Hui!
2500 1922 2756 1984 mirabar

407 2059 415 2068 .
444 2013 731 2094 profecto,
782 2013 924 2074 dum
968 2025 1028 2073 te
1068 2013 1405 2088 audiebam,
1436 2015 1494 2074 ni
1524 2026 1590 2076 tu
1620 2033 1787 2076 esses
1813 2013 2173 2076 Bulomaclti
2197 2013 2454 2076 bominis
2481 2025 2546 2078 et
2579 2016 2756 2077 01η-

444 2107 690 2168 simachi
714 2107 967 2186 alicujus
996 2105 1174 2167 filius.
1208 2108 1235 2167 1
1264 2107 1323 2167 iu
1357 2109 1573 2168 maiam
1597 2127 1742 2182 rem,
1769 2119 1832 2168 et
1863 2107 2183 2168 hastiferos
2205 2105 2432 2181 adiens,
2451 2107 2526 2168 iis
2550 2119 2754 2171 canta.

448 2199 565 2258 Ubi
589 2199 730 2260 mihi
757 2199 1068 2281 Cleonymi
1098 2211 1194 2261 est
1222 2201 1429 2261 filius?
1488 2221 1661 2275 cane,
1689 2203 2035 2282 priusquam
2076 2200 2447 2282 ingrediaris,
2491 2201 2714 2284 aliquid
2738 2221 2758 2261 ε

446 2312 585 2352 nam
613 2304 709 2352 sat
736 2293 861 2354 scio
889 2304 948 2354 te
978 2313 1209 2374 pugnas
1240 2314 1360 2355 non
1384 2307 1800 2356 cantaturum:
1849 2294 2125 2355 modesto
2153 2293 2315 2355 enim
2343 2313 2410 2355 es
2433 2305 2604 2374 patre
2643 2313 2756 2356 na-

443 2395 563 2447 tus.
647 2385 838 2447 Puta.
870 2387 952 2449 11.
1002 2385 1232 2467 Clypeo
1255 2386 1497 2469 quidem
1526 2408 1661 2449 meo
1689 2389 1866 2449 Sa'ius
1893 2386 2112 2469 aliquis
2145 2387 2432 2470 superbit,
2463 2408 2644 2469 quem
2673 2389 2755 2449 ad

444 2480 715 2542 fruticem
752 2479 961 2560 reliqui
998 2481 1239 2555 invitus,
1272 2473 1744 2544 'instrumentum
1788 2481 1930 2543 belli
1975 2481 2112 2542 labe
2156 2494 2456 2554 carens—
2531 2483 2754 2548 Tmo.

447 2575 565 2636 Dic
584 2573 749 2648 mihi,
776 2595 813 2635 0
838 2575 1037 2656 pusio,
1057 2575 1321 2636 hoeccine
1344 2575 1404 2635 in
1435 2585 1663 2656 patrem
1693 2585 1863 2637 tuum
1892 2574 2103 2637 canis?
2186 2575 2382 2635 Pur-:n
2421 2574 2500 2636 11.
2553 2575 2764 2637 Vitam

445 2679 643 2728 autem
671 2687 865 2728 meam
894 2669 1143 2730 servavi.
1226 2669 1448 2732 Tuto.
1479 2670 1895 2750 At‘parentum
1925 2667 2118 2730 vitant
2149 2667 2549 2731 dedecorasti.
2633 2671 2757 2731 Sed

445 2759 879 2840 ingrediamur:
932 2761 1152 2842 quippe
1180 2771 1275 2822 sat
1298 2774 1461 2824 certo
1492 2764 1641 2837 scio,
1668 2783 1806 2843 quoe
1852 2760 2034 2823 modo
2078 2762 2352 2824 cecinisti
2400 2761 2478 2823 de
2523 2763 2757 2845 clypeo,

444 2853 653 2916 horum
676 2867 737 2915 te
764 2873 1068 2934 nunquam
1089 2855 1429 2928 obliturum,
1459 2855 1563 2935 qui
1592 2856 1699 2917 tali
1729 2856 1811 2916 sis
1834 2864 2002 2937 patre
2037 2865 2238 2915 natus.
2319 2855 2509 2917 Vobis
2550 2867 2756 2917 autem

444 2946 543 3012 hic
572 2951 951 3010 manentibus
978 2949 1039 3009 id
1055 2949 1182 3029 jam
1212 2949 1561 3030 relinquitur
1587 2949 1812 3029 negoti,
1857 2959 1926 3008 ut
1969 2948 2101 3010 hoec
2143 2957 2383 3010 strenue
2421 2948 2756 3011 comedatis

449 3052 512 3102 et
538 3043 927 3115 consumatis,
975 3063 1086 3103 nec
1114 3043 1334 3104 frustra
1362 3042 1636 3104 maxillas
1666 3041 1976 3126 moveatis.
2061 3042 2181 3102 Sed
2211 3042 2482 3122 gnaviter
2522 3044 2758 3105 incum-

446 3135 592 3208 bite,
621 3146 683 3196 et
701 3137 913 3216 raptim
944 3137 1207 3196 mandite
1237 3136 1503 3216 utrisque
1534 3135 1812 3197 maxillis.
1876 3134 2095 3196 Nullus
2125 3135 2303 3210 enim,
2332 3156 2369 3197 ο
2411 3138 2756 3210 oerumnosi,

448 3229 716 3290 alborum
744 3228 1010 3289 dentium
1027 3249 1173 3290 usus
1200 3240 1313 3303 est,
1335 3230 1447 3290 nisi
1480 3229 1658 3290 etiam
1702 3227 1930 3308 aliquid
1970 3227 2281 3290 mandant.
2363 3230 2580 3292 Cnon.
2623 3228 2755 3291 No·

446 3323 541 3385 bis
592 3322 724 3386 baec
767 3333 941 3384 erunt
988 3341 1187 3382 curae:
1244 3323 1395 3383 bene
1445 3323 1602 3382 enim
1659 3322 1806 3382 facis
1865 3332 1928 3383 et
1971 3333 2059 3396 tu,
2109 3342 2294 3402 quum
2349 3343 2462 3384 nos
2521 3342 2754 3393 mones.

448 3417 667 3478 Taso.
712 3415 831 3476 Sed
882 3434 919 3475 ο
962 3416 1064 3496 qui
1122 3416 1376 3477 antehac
1423 3416 1798 3490 esuriebatis,
1846 3416 2208 3496 ingurgitate
2257 3437 2364 3478 vos
2423 3415 2750 3498 leporinis:

452 3529 571 3572 non
606 3509 764 3571 enim
793 3509 1059 3589 quotidie
1096 3509 1232 3570 licet
1261 3509 1522 3571 incidere
1564 3509 1625 3569 in
1653 3509 1963 3590 placentas
1989 3509 2118 3570 sine
2141 3509 2392 3572 custode
2421 3521 2751 3592 vagantes}
2811 3527 2826 3534 ·

366 3629 372 3636 ·
452 3603 833 3684 quamobrem
860 3614 1083 3676 vorate,
1114 3614 1217 3665 aut
1245 3624 1383 3666 mox
1420 3623 1527 3665 vos
1578 3603 1908 3684 poenitebit.
1957 3603 2105 3672 ,Ore
2151 3603 2347 3665 favere
2385 3613 2644 3686 oportet,
2687 3613 2756 3666 et

455 3715 739 3778 sponsam
778 3697 897 3758 huc
946 3697 1103 3759 foras
1159 3698 1477 3769 adducere,
1520 3697 1816 3776 tedasque
1856 3697 2029 3769 ferre,
2057 3697 2120 3758 et
2171 3697 2470 3778 gratulari·
2509 3717 2750 3759 omnem

452 3789 760 3875 populum,
812 3809 883 3850 ac
932 3793 1127 3853 fauste
1170 3791 1525 3869 acclamare,
1565 3802 1626 3852 et
1667 3810 1902 3852 omnem
1945 3791 2376 3870 supellectilem
2415 3809 2580 3852 nunc
2619 3811 2752 3852 rur-

454 3901 559 3946 sus
614 3883 677 3943 in
748 3903 953 3964 agrum
1025 3897 1279 3966 portare,
1339 3895 1660 3968 postquam
1723 3883 2156 3960 saltaverimus‚
2215 3895 2280 3946 et
2347 3884 2751 3960 libaverimus,

454 3989 517 4041 et
561 3975 969 4059 Hyperbolum
1024 3977 1461 4059 expulerimusz
1528 3977 1796 4062 deosque
1847 3981 2073 4061 precati
2119 3978 2422 4052 fuerimus,
2480 3989 2550 4039 ut
2603 3979 2756 4040 dent

457 4069 689 4132 Grecis
718 4069 976 4146 divitias,
1003 4082 1067 4134 et
1091 4082 1160 4134 ut
1198 4092 1451 4154 magnus
1493 4070 1708 4136 bordei
1745 4082 2070 4155 proventus
2113 4072 2286 4134 nobis
2325 4072 2424 4133 -sit
2471 4073 2752 4135 omnibus

452 4165 691 4248 pariter,
716 4163 974 4245 vinique,
1000 4175 1185 4248 utque
1212 4167 1361 4228 ficus
1390 4167 1776 4229 comedamus
1800 4187 1819 4236 3
1863 4177 1925 4229 et
1947 4184 2162 4231 uxores
2188 4177 2258 4228 ut
2283 4165 2458 4228 nobis
2493 4167 2754 4250 pariant,

452 4261 733 4341 bonaque
777 4259 996 4332 omnia,
1018 4279 1396 4341 quaecunque
1422 4261 1752 4336 amisimus,
1777 4258 1855 4322 de
1881 4261 2115 4342 integro
2139 4259 2396 4323 collecta
2435 4279 2750 4342 recupere-

452 4375 611 4430 mus,
637 4365 701 4416 et
724 4355 1092 4417 coruscantis
1119 4355 1271 4418 ferri.
1285 4367 1355 4418 ut
1378 4365 1580 4420 cesset
1599 4375 1770 4417 usus.
1853 4353 2029 4430 Veni,
2063 4373 2100 4417 o
2128 4353 2359 4428 mulier,
2403 4354 2468 4414 in
2516 4372 2752 4436 agrum,

456 4449 649 4532 daque
677 4468 937 4532 operam,
966 4457 1033 4510 ut
1066 4470 1297 4515 mecum
1344 4449 1502 4514 bella
1555 4449 1708 4512 belle
1735 4450 1940 4514 cubes.
2017 4449 2249 4532 Hymen
2307 4467 2346 4510 o
2403 4447 2752 4530 Hymenaee,
