<?xml version="1.0" encoding="UTF-8"?>
<!DOCTYPE html PUBLIC "-//W3C//DTD XHTML 1.0 Transitional//EN"
    "http://www.w3.org/TR/xhtml1/DTD/xhtml1-transitional.dtd">
<html xmlns="http://www.w3.org/1999/xhtml" xml:lang="en" lang="en">
 <head>
  <title>
</title>
<meta http-equiv="Content-Type" content="text/html;charset=utf-8" />
  <meta name='ocr-system' content='tesseract 3.04.00' />
  <meta name='ocr-capabilities' content='ocr_page ocr_carea ocr_par ocr_line ocrx_word'/>
</head>
<body>
  <div class='ocr_page' id='page_1' title='image "./comdicumscholii00bekkgoog_0212.png"; bbox 0 0 3059 5059; ppageno 0'>
   <div class='ocr_carea' id='block_1_1' title="bbox 408 338 2710 422">
    <p class='ocr_par' dir='ltr' id='par_1_1' title="bbox 408 338 2710 422">
     <span class='ocr_line' id='line_1_1' title="bbox 408 338 2710 422; baseline 0.005 -30"><span class='ocrx_word' id='word_1_1' title='bbox 408 346 541 409; x_wconf 72' lang='lat' dir='ltr'>ass</span> <span class='ocrx_word' id='word_1_2' title='bbox 1174 338 1950 405; x_wconf 73' lang='lat' dir='ltr'>ARISTOPHAle</span> <span class='ocrx_word' id='word_1_3' title='bbox 2359 338 2710 422; x_wconf 60' lang='lat' dir='ltr'>[nv-sos</span> 
     </span>
    </p>
   </div>
   <div class='ocr_carea' id='block_1_2' title="bbox 342 470 2704 4547">
    <p class='ocr_par' dir='ltr' id='par_1_2' title="bbox 342 470 2704 4547">
     <span class='ocr_line' id='line_1_2' title="bbox 412 470 2702 557; baseline -0.002 -19"><span class='ocrx_word' id='word_1_4' title='bbox 412 478 823 539; x_wconf 79' lang='lat' dir='ltr'>&#39;deumsolum</span> <span class='ocrx_word' id='word_1_5' title='bbox 852 475 1247 557; x_wconf 80' lang='lat' dir='ltr'>relinquentes</span> <span class='ocrx_word' id='word_1_6' title='bbox 1277 476 1634 554; x_wconf 75' lang='lat' dir='ltr'><strong>aliquorsum</strong></span> <span class='ocrx_word' id='word_1_7' title='bbox 1665 472 2008 553; x_wconf 79' lang='lat' dir='ltr'>fugerimus,</span> <span class='ocrx_word' id='word_1_8' title='bbox 2034 470 2280 553; x_wconf 78' lang='lat' dir='ltr'>hujusce</span> <span class='ocrx_word' id='word_1_9' title='bbox 2306 482 2486 545; x_wconf 86' lang='lat' dir='ltr'>metu,</span> <span class='ocrx_word' id='word_1_10' title='bbox 2507 492 2702 553; x_wconf 81' lang='lat' dir='ltr'>neque</span> 
     </span>
     <span class='ocr_line' id='line_1_3' title="bbox 420 564 2704 652; baseline -0.003 -20"><span class='ocrx_word' id='word_1_11' title='bbox 420 570 969 652; x_wconf 78' lang='lat' dir='ltr'>dep&#39;ugnaverimus.</span> <span class='ocrx_word' id='word_1_12' title='bbox 1076 569 1275 629; x_wconf 70' lang='lat' dir='ltr'>anr.</span> <span class='ocrx_word' id='word_1_13' title='bbox 1336 568 1566 638; x_wconf 80' lang='lat' dir='ltr'>Quibus</span> <span class='ocrx_word' id='word_1_14' title='bbox 1621 567 1820 639; x_wconf 87' lang='lat' dir='ltr'>armis,</span> <span class='ocrx_word' id='word_1_15' title='bbox 1875 577 1978 625; x_wconf 88' lang='lat' dir='ltr'>aut</span> <span class='ocrx_word' id='word_1_16' title='bbox 2032 584 2152 647; x_wconf 88' lang='lat' dir='ltr'>qua</span> <span class='ocrx_word' id='word_1_17' title='bbox 2203 566 2470 646; x_wconf 87' lang='lat' dir='ltr'>potentia</span> <span class='ocrx_word' id='word_1_18' title='bbox 2525 564 2704 626; x_wconf 65' lang='lat' dir='ltr'>freti?</span> 
     </span>
     <span class='ocr_line' id='line_1_4' title="bbox 422 658 2698 741; baseline -0.002 -18"><span class='ocrx_word' id='word_1_19' title='bbox 422 665 616 733; x_wconf 84' lang='lat' dir='ltr'>Quam</span> <span class='ocrx_word' id='word_1_20' title='bbox 664 665 835 724; x_wconf 88' lang='lat' dir='ltr'>enim·</span> <span class='ocrx_word' id='word_1_21' title='bbox 859 662 1122 735; x_wconf 89' lang='lat' dir='ltr'>loricam,</span> <span class='ocrx_word' id='word_1_22' title='bbox 1157 680 1327 741; x_wconf 88' lang='lat' dir='ltr'>quem</span> <span class='ocrx_word' id='word_1_23' title='bbox 1380 661 1652 741; x_wconf 83' lang='lat' dir='ltr'>clypeum</span> <span class='ocrx_word' id='word_1_24' title='bbox 1692 658 2083 739; x_wconf 87' lang='lat' dir='ltr'>impurissima</span> <span class='ocrx_word' id='word_1_25' title='bbox 2124 659 2254 718; x_wconf 77' lang='lat' dir='ltr'>haec</span> <span class='ocrx_word' id='word_1_26' title='bbox 2301 658 2532 740; x_wconf 84' lang='lat' dir='ltr'>pignori</span> <span class='ocrx_word' id='word_1_27' title='bbox 2575 677 2698 719; x_wconf 86' lang='lat' dir='ltr'>non</span> 
     </span>
     <span class='ocr_line' id='line_1_5' title="bbox 418 749 2702 838; baseline -0.002 -22"><span class='ocrx_word' id='word_1_28' title='bbox 418 756 708 838; x_wconf 71' lang='lat' dir='ltr'>opponit?</span> <span class='ocrx_word' id='word_1_29' title='bbox 792 757 1063 817; x_wconf 65' lang='lat' dir='ltr'>Cannu.</span> <span class='ocrx_word' id='word_1_30' title='bbox 1104 754 1274 814; x_wconf 90' lang='lat' dir='ltr'>Bono</span> <span class='ocrx_word' id='word_1_31' title='bbox 1304 754 1499 814; x_wconf 87' lang='lat' dir='ltr'>animo</span> <span class='ocrx_word' id='word_1_32' title='bbox 1549 771 1657 813; x_wconf 85' lang='lat' dir='ltr'>es:</span> <span class='ocrx_word' id='word_1_33' title='bbox 1713 751 2032 812; x_wconf 73' lang='lat' dir='ltr'>scioenim</span> <span class='ocrx_word' id='word_1_34' title='bbox 2079 749 2256 810; x_wconf 89' lang='lat' dir='ltr'>deum</span> <span class='ocrx_word' id='word_1_35' title='bbox 2297 750 2464 811; x_wconf 89' lang='lat' dir='ltr'>illum</span> <span class='ocrx_word' id='word_1_36' title='bbox 2507 750 2702 811; x_wconf 89' lang='lat' dir='ltr'>solum</span> 
     </span>
     <span class='ocr_line' id='line_1_6' title="bbox 418 842 2696 929; baseline -0.003 -19"><span class='ocrx_word' id='word_1_37' title='bbox 418 849 589 910; x_wconf 73' lang='lat' dir='ltr'>facile</span> <span class='ocrx_word' id='word_1_38' title='bbox 635 850 791 909; x_wconf 87' lang='lat' dir='ltr'>hanc</span> <span class='ocrx_word' id='word_1_39' title='bbox 832 848 1293 929; x_wconf 82' lang='lat' dir='ltr'>profligaturum.</span> <span class='ocrx_word' id='word_1_40' title='bbox 1378 845 1587 907; x_wconf 69' lang='lat' dir='ltr'>Paur.</span> <span class='ocrx_word' id='word_1_41' title='bbox 1631 845 1898 905; x_wconf 78' lang='lat' dir='ltr'><strong>Etiamne</strong></span> <span class='ocrx_word' id='word_1_42' title='bbox 1945 863 2050 903; x_wconf 88' lang='lat' dir='ltr'>vos</span> <span class='ocrx_word' id='word_1_43' title='bbox 2095 844 2299 904; x_wconf 87' lang='lat' dir='ltr'>mutire</span> <span class='ocrx_word' id='word_1_44' title='bbox 2348 842 2602 917; x_wconf 85' lang='lat' dir='ltr'>audetis,</span> <span class='ocrx_word' id='word_1_45' title='bbox 2655 863 2696 903; x_wconf 90' lang='lat' dir='ltr'>o</span> 
     </span>
     <span class='ocr_line' id='line_1_7' title="bbox 416 934 2696 1023; baseline -0.001 -22"><span class='ocrx_word' id='word_1_46' title='bbox 416 940 670 1023; x_wconf 87' lang='lat' dir='ltr'>piacula,</span> <span class='ocrx_word' id='word_1_47' title='bbox 695 962 877 1021; x_wconf 88' lang='lat' dir='ltr'>quum</span> <span class='ocrx_word' id='word_1_48' title='bbox 899 942 1206 1001; x_wconf 85' lang='lat' dir='ltr'>manifeste</span> <span class='ocrx_word' id='word_1_49' title='bbox 1234 938 1293 997; x_wconf 89' lang='lat' dir='ltr'>in</span> <span class='ocrx_word' id='word_1_50' title='bbox 1317 938 1541 1018; x_wconf 87' lang='lat' dir='ltr'>flagitio</span> <span class='ocrx_word' id='word_1_51' title='bbox 1557 938 1814 1020; x_wconf 88' lang='lat' dir='ltr'>pessimo</span> <span class='ocrx_word' id='word_1_52' title='bbox 1835 936 2182 1017; x_wconf 80' lang='lat' dir='ltr'>deprehensi</span> <span class='ocrx_word' id='word_1_53' title='bbox 2205 934 2381 995; x_wconf 75' lang='lat' dir='ltr'>sitis?</span> <span class='ocrx_word' id='word_1_54' title='bbox 2421 936 2696 997; x_wconf 66' lang='lat' dir='ltr'>Cannu.</span> 
     </span>
     <span class='ocr_line' id='line_1_8' title="bbox 420 1028 2702 1113; baseline -0.001 -21"><span class='ocrx_word' id='word_1_55' title='bbox 420 1034 509 1093; x_wconf 88' lang='lat' dir='ltr'>Tu</span> <span class='ocrx_word' id='word_1_56' title='bbox 571 1047 732 1107; x_wconf 79' lang='lat' dir='ltr'>vere,</span> <span class='ocrx_word' id='word_1_57' title='bbox 784 1034 1200 1113; x_wconf 86' lang='lat' dir='ltr'>perditissima,</span> <span class='ocrx_word' id='word_1_58' title='bbox 1248 1031 1393 1112; x_wconf 88' lang='lat' dir='ltr'>quid</span> <span class='ocrx_word' id='word_1_59' title='bbox 1460 1031 1740 1091; x_wconf 84' lang='lat' dir='ltr'>conviciis</span> <span class='ocrx_word' id='word_1_60' title='bbox 1795 1030 2043 1091; x_wconf 77' lang='lat' dir='ltr'>incessis</span> <span class='ocrx_word' id='word_1_61' title='bbox 2091 1049 2222 1101; x_wconf 90' lang='lat' dir='ltr'>nos,</span> <span class='ocrx_word' id='word_1_62' title='bbox 2276 1048 2352 1089; x_wconf 89' lang='lat' dir='ltr'>ne</span> <span class='ocrx_word' id='word_1_63' title='bbox 2403 1028 2702 1089; x_wconf 86' lang='lat' dir='ltr'>tantillum</span> 
     </span>
     <span class='ocr_line' id='line_1_9' title="bbox 416 1121 2698 1207; baseline -0.002 -20"><span class='ocrx_word' id='word_1_64' title='bbox 416 1126 653 1207; x_wconf 89' lang='lat' dir='ltr'>quidem</span> <span class='ocrx_word' id='word_1_65' title='bbox 703 1126 929 1206; x_wconf 82' lang='lat' dir='ltr'>injuriae</span> <span class='ocrx_word' id='word_1_66' title='bbox 981 1124 1199 1207; x_wconf 75' lang='lat' dir='ltr'>passa?</span> <span class='ocrx_word' id='word_1_67' title='bbox 1292 1123 1502 1185; x_wconf 64' lang='lat' dir='ltr'>Pane.</span> <span class='ocrx_word' id='word_1_68' title='bbox 1562 1122 1842 1195; x_wconf 83' lang='lat' dir='ltr'>Nullane,</span> <span class='ocrx_word' id='word_1_69' title='bbox 1898 1143 2122 1203; x_wconf 80' lang='lat' dir='ltr'>quoeso,</span> <span class='ocrx_word' id='word_1_70' title='bbox 2169 1121 2390 1203; x_wconf 87' lang='lat' dir='ltr'>putatis</span> <span class='ocrx_word' id='word_1_71' title='bbox 2444 1141 2552 1183; x_wconf 78' lang='lat' dir='ltr'>vos</span> <span class='ocrx_word' id='word_1_72' title='bbox 2601 1141 2698 1183; x_wconf 81' lang='lat' dir='ltr'>me</span> 
     </span>
     <span class='ocr_line' id='line_1_10' title="bbox 417 1214 2702 1300; baseline -0.001 -23"><span class='ocrx_word' id='word_1_73' title='bbox 417 1220 629 1300; x_wconf 84' lang='lat' dir='ltr'>injuria</span> <span class='ocrx_word' id='word_1_74' title='bbox 648 1219 929 1293; x_wconf 79' lang='lat' dir='ltr'>adficere,</span> <span class='ocrx_word' id='word_1_75' title='bbox 945 1219 1043 1300; x_wconf 88' lang='lat' dir='ltr'>qui</span> <span class='ocrx_word' id='word_1_76' title='bbox 1065 1220 1300 1279; x_wconf 83' lang='lat' dir='ltr'>Plutum</span> <span class='ocrx_word' id='word_1_77' title='bbox 1317 1218 1509 1278; x_wconf 82' lang='lat' dir='ltr'>facere</span> <span class='ocrx_word' id='word_1_78' title='bbox 1526 1217 1817 1278; x_wconf 82' lang='lat' dir='ltr'>conamini</span> <span class='ocrx_word' id='word_1_79' title='bbox 1841 1217 2138 1277; x_wconf 86' lang='lat' dir='ltr'>oculatum</span> <span class='ocrx_word' id='word_1_80' title='bbox 2155 1214 2395 1276; x_wconf 76' lang='lat' dir='ltr'>denuo?</span> <span class='ocrx_word' id='word_1_81' title='bbox 2431 1214 2702 1276; x_wconf 73' lang='lat' dir='ltr'>Crrnsx.</span> 
     </span>
     <span class='ocr_line' id='line_1_11' title="bbox 418 1308 2701 1392; baseline -0.002 -19"><span class='ocrx_word' id='word_1_82' title='bbox 418 1313 579 1382; x_wconf 86' lang='lat' dir='ltr'>Quid</span> <span class='ocrx_word' id='word_1_83' title='bbox 602 1312 782 1374; x_wconf 71' lang='lat' dir='ltr'>vero?</span> <span class='ocrx_word' id='word_1_84' title='bbox 824 1313 1091 1392; x_wconf 88' lang='lat' dir='ltr'>injuriine</span> <span class='ocrx_word' id='word_1_85' title='bbox 1120 1312 1178 1371; x_wconf 87' lang='lat' dir='ltr'>in</span> <span class='ocrx_word' id='word_1_86' title='bbox 1211 1322 1267 1371; x_wconf 91' lang='lat' dir='ltr'>te</span> <span class='ocrx_word' id='word_1_87' title='bbox 1296 1330 1523 1385; x_wconf 86' lang='lat' dir='ltr'>sumus,</span> <span class='ocrx_word' id='word_1_88' title='bbox 1552 1312 1600 1370; x_wconf 87' lang='lat' dir='ltr'>si</span> <span class='ocrx_word' id='word_1_89' title='bbox 1625 1309 1909 1371; x_wconf 85' lang='lat' dir='ltr'>universis</span> <span class='ocrx_word' id='word_1_90' title='bbox 1928 1308 2261 1370; x_wconf 85' lang='lat' dir='ltr'>horninibus</span> <span class='ocrx_word' id='word_1_91' title='bbox 2288 1310 2446 1368; x_wconf 86' lang='lat' dir='ltr'>bona</span> <span class='ocrx_word' id='word_1_92' title='bbox 2471 1310 2701 1387; x_wconf 77' lang='lat' dir='ltr'>praebe·</span> 
     </span>
     <span class='ocr_line' id='line_1_12' title="bbox 416 1399 2700 1484; baseline -0.001 -19"><span class='ocrx_word' id='word_1_93' title='bbox 416 1404 597 1465; x_wconf 72' lang='lat' dir='ltr'>mus?</span> <span class='ocrx_word' id='word_1_94' title='bbox 691 1406 901 1465; x_wconf 65' lang='lat' dir='ltr'>Pam».</span> <span class='ocrx_word' id='word_1_95' title='bbox 971 1406 1052 1464; x_wconf 90' lang='lat' dir='ltr'>At</span> <span class='ocrx_word' id='word_1_96' title='bbox 1098 1404 1241 1484; x_wconf 90' lang='lat' dir='ltr'>quid</span> <span class='ocrx_word' id='word_1_97' title='bbox 1298 1423 1403 1464; x_wconf 86' lang='lat' dir='ltr'>vos</span> <span class='ocrx_word' id='word_1_98' title='bbox 1457 1403 1596 1463; x_wconf 92' lang='lat' dir='ltr'>boni</span> <span class='ocrx_word' id='word_1_99' title='bbox 1646 1404 1981 1482; x_wconf 84' lang='lat' dir='ltr'>excogitare</span> <span class='ocrx_word' id='word_1_100' title='bbox 2037 1399 2322 1480; x_wconf 67' lang='lat' dir='ltr'>possitis?</span> <span class='ocrx_word' id='word_1_101' title='bbox 2429 1400 2700 1463; x_wconf 68' lang='lat' dir='ltr'>Cannu.</span> 
     </span>
     <span class='ocr_line' id='line_1_13' title="bbox 421 1492 2704 1576; baseline -0 -20"><span class='ocrx_word' id='word_1_102' title='bbox 421 1495 628 1565; x_wconf 73' lang='lat' dir='ltr'>Quid?</span> <span class='ocrx_word' id='word_1_103' title='bbox 708 1496 1113 1558; x_wconf 87' lang='lat' dir='ltr'>Primumdum</span> <span class='ocrx_word' id='word_1_104' title='bbox 1146 1498 1194 1557; x_wconf 91' lang='lat' dir='ltr'>si</span> <span class='ocrx_word' id='word_1_105' title='bbox 1222 1506 1281 1557; x_wconf 91' lang='lat' dir='ltr'>te</span> <span class='ocrx_word' id='word_1_106' title='bbox 1308 1496 1609 1576; x_wconf 80' lang='lat' dir='ltr'>ejiciamus</span> <span class='ocrx_word' id='word_1_107' title='bbox 1639 1516 1673 1556; x_wconf 89' lang='lat' dir='ltr'>e</span> <span class='ocrx_word' id='word_1_108' title='bbox 1703 1494 1958 1555; x_wconf 76' lang='lat' dir='ltr'>Graecia.</span> <span class='ocrx_word' id='word_1_109' title='bbox 2041 1494 2250 1557; x_wconf 69' lang='lat' dir='ltr'>Paur.</span> <span class='ocrx_word' id='word_1_110' title='bbox 2293 1492 2356 1554; x_wconf 92' lang='lat' dir='ltr'>Si</span> <span class='ocrx_word' id='word_1_111' title='bbox 2406 1513 2500 1553; x_wconf 89' lang='lat' dir='ltr'>me</span> <span class='ocrx_word' id='word_1_112' title='bbox 2539 1494 2704 1573; x_wconf 83' lang='lat' dir='ltr'>ejici·</span> 
     </span>
     <span class='ocr_line' id='line_1_14' title="bbox 418 1586 2701 1670; baseline -0.001 -21"><span class='ocrx_word' id='word_1_113' title='bbox 418 1590 573 1650; x_wconf 73' lang='lat' dir='ltr'>atis?</span> <span class='ocrx_word' id='word_1_114' title='bbox 626 1601 686 1651; x_wconf 89' lang='lat' dir='ltr'>et</span> <span class='ocrx_word' id='word_1_115' title='bbox 740 1609 995 1669; x_wconf 89' lang='lat' dir='ltr'>quonam</span> <span class='ocrx_word' id='word_1_116' title='bbox 1058 1590 1275 1670; x_wconf 87' lang='lat' dir='ltr'>putatis</span> <span class='ocrx_word' id='word_1_117' title='bbox 1332 1608 1437 1649; x_wconf 82' lang='lat' dir='ltr'>vos</span> <span class='ocrx_word' id='word_1_118' title='bbox 1489 1588 1646 1648; x_wconf 86' lang='lat' dir='ltr'>malo</span> <span class='ocrx_word' id='word_1_119' title='bbox 1701 1589 1919 1667; x_wconf 89' lang='lat' dir='ltr'>majore</span> <span class='ocrx_word' id='word_1_120' title='bbox 1973 1597 2332 1651; x_wconf 73' lang='lat' dir='ltr'>mactaturus</span> <span class='ocrx_word' id='word_1_121' title='bbox 2386 1586 2701 1649; x_wconf 63' lang='lat' dir='ltr'>homines?</span> 
     </span>
     <span class='ocr_line' id='line_1_15' title="bbox 418 1679 2700 1761; baseline -0.001 -20"><span class='ocrx_word' id='word_1_122' title='bbox 418 1682 689 1744; x_wconf 67' lang='lat' dir='ltr'>Cannu.</span> <span class='ocrx_word' id='word_1_123' title='bbox 731 1681 1049 1752; x_wconf 76' lang='lat' dir='ltr'>Quonam?</span> <span class='ocrx_word' id='word_1_124' title='bbox 1094 1682 1143 1741; x_wconf 91' lang='lat' dir='ltr'>si</span> <span class='ocrx_word' id='word_1_125' title='bbox 1172 1680 1439 1740; x_wconf 85' lang='lat' dir='ltr'>nimirum</span> <span class='ocrx_word' id='word_1_126' title='bbox 1478 1681 1654 1761; x_wconf 84' lang='lat' dir='ltr'>hujus</span> <span class='ocrx_word' id='word_1_127' title='bbox 1704 1679 1922 1759; x_wconf 87' lang='lat' dir='ltr'>incepti</span> <span class='ocrx_word' id='word_1_128' title='bbox 1972 1680 2405 1743; x_wconf 84' lang='lat' dir='ltr'>obliviscamur.</span> <span class='ocrx_word' id='word_1_129' title='bbox 2489 1681 2700 1742; x_wconf 69' lang='lat' dir='ltr'>Paur.</span> 
     </span>
     <span class='ocr_line' id='line_1_16' title="bbox 415 1771 2700 1854; baseline 0 -21"><span class='ocrx_word' id='word_1_130' title='bbox 415 1776 597 1854; x_wconf 86' lang='lat' dir='ltr'>Atqui</span> <span class='ocrx_word' id='word_1_131' title='bbox 617 1777 863 1853; x_wconf 89' lang='lat' dir='ltr'>primum</span> <span class='ocrx_word' id='word_1_132' title='bbox 894 1776 1021 1854; x_wconf 86' lang='lat' dir='ltr'>ipsa</span> <span class='ocrx_word' id='word_1_133' title='bbox 1061 1773 1195 1834; x_wconf 83' lang='lat' dir='ltr'>volo</span> <span class='ocrx_word' id='word_1_134' title='bbox 1240 1772 1405 1832; x_wconf 81' lang='lat' dir='ltr'>vobis</span> <span class='ocrx_word' id='word_1_135' title='bbox 1454 1771 1529 1831; x_wconf 87' lang='lat' dir='ltr'>de</span> <span class='ocrx_word' id='word_1_136' title='bbox 1584 1772 1698 1831; x_wconf 85' lang='lat' dir='ltr'>hac</span> <span class='ocrx_word' id='word_1_137' title='bbox 1748 1792 1810 1831; x_wconf 90' lang='lat' dir='ltr'>re</span> <span class='ocrx_word' id='word_1_138' title='bbox 1857 1772 2140 1833; x_wconf 87' lang='lat' dir='ltr'>rationem</span> <span class='ocrx_word' id='word_1_139' title='bbox 2182 1772 2446 1835; x_wconf 87' lang='lat' dir='ltr'>reddere.</span> <span class='ocrx_word' id='word_1_140' title='bbox 2529 1774 2608 1833; x_wconf 85' lang='lat' dir='ltr'>Et</span> <span class='ocrx_word' id='word_1_141' title='bbox 2647 1773 2700 1833; x_wconf 90' lang='lat' dir='ltr'>si</span> 
     </span>
     <span class='ocr_line' id='line_1_17' title="bbox 414 1865 2700 1945; baseline 0 -18"><span class='ocrx_word' id='word_1_142' title='bbox 414 1866 731 1927; x_wconf 82' lang='lat' dir='ltr'>ostendero</span> <span class='ocrx_word' id='word_1_143' title='bbox 759 1865 945 1927; x_wconf 86' lang='lat' dir='ltr'>solam</span> <span class='ocrx_word' id='word_1_144' title='bbox 988 1886 1080 1925; x_wconf 90' lang='lat' dir='ltr'>me</span> <span class='ocrx_word' id='word_1_145' title='bbox 1125 1865 1290 1926; x_wconf 84' lang='lat' dir='ltr'>vobis</span> <span class='ocrx_word' id='word_1_146' title='bbox 1336 1866 1595 1924; x_wconf 91' lang='lat' dir='ltr'>omnium</span> <span class='ocrx_word' id='word_1_147' title='bbox 1639 1884 1771 1925; x_wconf 88' lang='lat' dir='ltr'>esse</span> <span class='ocrx_word' id='word_1_148' title='bbox 1814 1865 2101 1924; x_wconf 90' lang='lat' dir='ltr'>bonorum</span> <span class='ocrx_word' id='word_1_149' title='bbox 2149 1884 2410 1937; x_wconf 88' lang='lat' dir='ltr'>causam,</span> <span class='ocrx_word' id='word_1_150' title='bbox 2449 1881 2700 1945; x_wconf 83' lang='lat' dir='ltr'>meoque</span> 
     </span>
     <span class='ocr_line' id='line_1_18' title="bbox 414 1956 2700 2039; baseline -0 -21"><span class='ocrx_word' id='word_1_151' title='bbox 414 1960 701 2018; x_wconf 86' lang='lat' dir='ltr'>beneficio</span> <span class='ocrx_word' id='word_1_152' title='bbox 737 1978 842 2019; x_wconf 82' lang='lat' dir='ltr'>vos</span> <span class='ocrx_word' id='word_1_153' title='bbox 891 1958 1111 2031; x_wconf 76' lang='lat' dir='ltr'>vivere,</span> <span class='ocrx_word' id='word_1_154' title='bbox 1144 1968 1302 2018; x_wconf 88' lang='lat' dir='ltr'>recte</span> <span class='ocrx_word' id='word_1_155' title='bbox 1350 1966 1479 2017; x_wconf 84' lang='lat' dir='ltr'>est:</span> <span class='ocrx_word' id='word_1_156' title='bbox 1536 1957 1630 2015; x_wconf 90' lang='lat' dir='ltr'>sin</span> <span class='ocrx_word' id='word_1_157' title='bbox 1675 1956 1889 2031; x_wconf 88' lang='lat' dir='ltr'>minus,</span> <span class='ocrx_word' id='word_1_158' title='bbox 1927 1957 2104 2019; x_wconf 80' lang='lat' dir='ltr'>facite</span> <span class='ocrx_word' id='word_1_159' title='bbox 2139 1958 2264 2038; x_wconf 88' lang='lat' dir='ltr'>jam</span> <span class='ocrx_word' id='word_1_160' title='bbox 2303 1958 2700 2039; x_wconf 84' lang='lat' dir='ltr'>quodcunque</span> 
     </span>
     <span class='ocr_line' id='line_1_19' title="bbox 416 2047 2699 2130; baseline -0.001 -19"><span class='ocrx_word' id='word_1_161' title='bbox 416 2050 581 2111; x_wconf 82' lang='lat' dir='ltr'>vobis</span> <span class='ocrx_word' id='word_1_162' title='bbox 628 2050 939 2112; x_wconf 84' lang='lat' dir='ltr'>videbitur.</span> <span class='ocrx_word' id='word_1_163' title='bbox 1023 2050 1293 2111; x_wconf 70' lang='lat' dir='ltr'>Cannu.</span> <span class='ocrx_word' id='word_1_164' title='bbox 1339 2050 1603 2110; x_wconf 88' lang='lat' dir='ltr'>Hoccine</span> <span class='ocrx_word' id='word_1_165' title='bbox 1652 2059 1717 2109; x_wconf 89' lang='lat' dir='ltr'>tu</span> <span class='ocrx_word' id='word_1_166' title='bbox 1763 2047 1968 2121; x_wconf 85' lang='lat' dir='ltr'>audes,</span> <span class='ocrx_word' id='word_1_167' title='bbox 2011 2050 2424 2130; x_wconf 86' lang='lat' dir='ltr'>impurissima,</span> <span class='ocrx_word' id='word_1_168' title='bbox 2456 2050 2699 2113; x_wconf 66' lang='lat' dir='ltr'>dicere?</span> 
     </span>
     <span class='ocr_line' id='line_1_20' title="bbox 417 2141 2698 2223; baseline 0.001 -20"><span class='ocrx_word' id='word_1_169' title='bbox 417 2143 625 2204; x_wconf 64' lang='lat' dir='ltr'>Paur.</span> <span class='ocrx_word' id='word_1_170' title='bbox 670 2143 882 2204; x_wconf 85' lang='lat' dir='ltr'>Patere</span> <span class='ocrx_word' id='word_1_171' title='bbox 930 2141 1105 2203; x_wconf 89' lang='lat' dir='ltr'>modo</span> <span class='ocrx_word' id='word_1_172' title='bbox 1156 2148 1212 2204; x_wconf 84' lang='lat' dir='ltr'>te</span> <span class='ocrx_word' id='word_1_173' title='bbox 1259 2142 1492 2204; x_wconf 86' lang='lat' dir='ltr'>doceri:</span> <span class='ocrx_word' id='word_1_174' title='bbox 1551 2162 1687 2202; x_wconf 89' lang='lat' dir='ltr'>nam</span> <span class='ocrx_word' id='word_1_175' title='bbox 1741 2161 2020 2223; x_wconf 80' lang='lat' dir='ltr'>perquam</span> <span class='ocrx_word' id='word_1_176' title='bbox 2076 2143 2249 2205; x_wconf 80' lang='lat' dir='ltr'>facile</span> <span class='ocrx_word' id='word_1_177' title='bbox 2304 2144 2550 2205; x_wconf 84' lang='lat' dir='ltr'>arbitror</span> <span class='ocrx_word' id='word_1_178' title='bbox 2601 2164 2698 2205; x_wconf 86' lang='lat' dir='ltr'>me</span> 
     </span>
     <span class='ocr_line' id='line_1_21' title="bbox 416 2234 2698 2316; baseline 0.001 -21"><span class='ocrx_word' id='word_1_179' title='bbox 416 2243 807 2308; x_wconf 79' lang='lat' dir='ltr'>ostensuram,</span> <span class='ocrx_word' id='word_1_180' title='bbox 836 2247 897 2297; x_wconf 90' lang='lat' dir='ltr'>te</span> <span class='ocrx_word' id='word_1_181' title='bbox 923 2247 1048 2298; x_wconf 87' lang='lat' dir='ltr'>tota</span> <span class='ocrx_word' id='word_1_182' title='bbox 1070 2235 1165 2296; x_wconf 88' lang='lat' dir='ltr'>via</span> <span class='ocrx_word' id='word_1_183' title='bbox 1188 2255 1401 2309; x_wconf 88' lang='lat' dir='ltr'>errare,</span> <span class='ocrx_word' id='word_1_184' title='bbox 1430 2235 1481 2295; x_wconf 87' lang='lat' dir='ltr'>si</span> <span class='ocrx_word' id='word_1_185' title='bbox 1502 2234 1698 2316; x_wconf 87' lang='lat' dir='ltr'>justos</span> <span class='ocrx_word' id='word_1_186' title='bbox 1721 2245 1780 2295; x_wconf 89' lang='lat' dir='ltr'>te</span> <span class='ocrx_word' id='word_1_187' title='bbox 1809 2235 1895 2295; x_wconf 89' lang='lat' dir='ltr'>ais</span> <span class='ocrx_word' id='word_1_188' title='bbox 1925 2234 2265 2296; x_wconf 87' lang='lat' dir='ltr'>ditaturum.</span> <span class='ocrx_word' id='word_1_189' title='bbox 2349 2236 2622 2299; x_wconf 71' lang='lat' dir='ltr'>Onasus</span> <span class='ocrx_word' id='word_1_190' title='bbox 2641 2237 2698 2297; x_wconf 91' lang='grc' dir='ltr'><strong>Ο</strong></span> 
     </span>
     <span class='ocr_line' id='line_1_22' title="bbox 413 2326 2698 2408; baseline 0.001 -21"><span class='ocrx_word' id='word_1_191' title='bbox 413 2329 602 2389; x_wconf 74' lang='lat' dir='ltr'>fustes</span> <span class='ocrx_word' id='word_1_192' title='bbox 630 2338 691 2389; x_wconf 90' lang='lat' dir='ltr'>et</span> <span class='ocrx_word' id='word_1_193' title='bbox 718 2329 899 2402; x_wconf 84' lang='lat' dir='ltr'>nervi,</span> <span class='ocrx_word' id='word_1_194' title='bbox 928 2348 1123 2389; x_wconf 90' lang='lat' dir='ltr'>nonne</span> <span class='ocrx_word' id='word_1_195' title='bbox 1150 2348 1321 2408; x_wconf 86' lang='lat' dir='ltr'>opem</span> <span class='ocrx_word' id='word_1_196' title='bbox 1350 2326 1596 2389; x_wconf 74' lang='lat' dir='ltr'>feretis?</span> <span class='ocrx_word' id='word_1_197' title='bbox 1629 2328 1845 2391; x_wconf 61' lang='lat' dir='ltr'>Pau».</span> <span class='ocrx_word' id='word_1_198' title='bbox 1872 2328 1965 2387; x_wconf 89' lang='lat' dir='ltr'>Ne</span> <span class='ocrx_word' id='word_1_199' title='bbox 1992 2328 2289 2408; x_wconf 87' lang='lat' dir='ltr'>quiritare,</span> <span class='ocrx_word' id='word_1_200' title='bbox 2319 2348 2468 2390; x_wconf 86' lang='lat' dir='ltr'>neve</span> <span class='ocrx_word' id='word_1_201' title='bbox 2494 2329 2698 2391; x_wconf 86' lang='lat' dir='ltr'>excla-</span> 
     </span>
     <span class='ocr_line' id='line_1_23' title="bbox 412 2420 2701 2504; baseline 0.001 -23"><span class='ocrx_word' id='word_1_202' title='bbox 412 2438 529 2495; x_wconf 87' lang='lat' dir='ltr'>ma,</span> <span class='ocrx_word' id='word_1_203' title='bbox 558 2420 897 2501; x_wconf 88' lang='lat' dir='ltr'>priusquam</span> <span class='ocrx_word' id='word_1_204' title='bbox 920 2442 1041 2483; x_wconf 90' lang='lat' dir='ltr'>rem</span> <span class='ocrx_word' id='word_1_205' title='bbox 1070 2420 1391 2501; x_wconf 82' lang='lat' dir='ltr'>intelligas.</span> <span class='ocrx_word' id='word_1_206' title='bbox 1475 2421 1675 2481; x_wconf 67' lang='lat' dir='ltr'>Bur.</span> <span class='ocrx_word' id='word_1_207' title='bbox 1719 2420 1937 2500; x_wconf 87' lang='lat' dir='ltr'>Ecquis</span> <span class='ocrx_word' id='word_1_208' title='bbox 1961 2441 2095 2482; x_wconf 81' lang='lat' dir='ltr'>vero</span> <span class='ocrx_word' id='word_1_209' title='bbox 2123 2422 2314 2504; x_wconf 83' lang='lat' dir='ltr'>possit</span> <span class='ocrx_word' id='word_1_210' title='bbox 2341 2441 2458 2483; x_wconf 87' lang='lat' dir='ltr'>non</span> <span class='ocrx_word' id='word_1_211' title='bbox 2495 2422 2701 2483; x_wconf 82' lang='lat' dir='ltr'>excla-</span> 
     </span>
     <span class='ocr_line' id='line_1_24' title="bbox 410 2512 2694 2595; baseline 0.001 -22"><span class='ocrx_word' id='word_1_212' title='bbox 410 2531 571 2573; x_wconf 89' lang='lat' dir='ltr'>mare</span> <span class='ocrx_word' id='word_1_213' title='bbox 604 2515 701 2588; x_wconf 76' lang='lat' dir='ltr'>Iu,</span> <span class='ocrx_word' id='word_1_214' title='bbox 731 2517 817 2587; x_wconf 78' lang='grc' dir='ltr'>ιἰι,</span> <span class='ocrx_word' id='word_1_215' title='bbox 848 2513 990 2575; x_wconf 88' lang='lat' dir='ltr'>talia</span> <span class='ocrx_word' id='word_1_216' title='bbox 1010 2512 1301 2574; x_wconf 73' lang='lat' dir='ltr'>audiens?</span> <span class='ocrx_word' id='word_1_217' title='bbox 1382 2512 1593 2573; x_wconf 70' lang='lat' dir='ltr'>Paur.</span> <span class='ocrx_word' id='word_1_218' title='bbox 1640 2513 1759 2583; x_wconf 88' lang='lat' dir='ltr'>Qui</span> <span class='ocrx_word' id='word_1_219' title='bbox 1788 2522 1984 2574; x_wconf 87' lang='lat' dir='ltr'>mente</span> <span class='ocrx_word' id='word_1_220' title='bbox 2012 2524 2105 2575; x_wconf 85' lang='lat' dir='ltr'>est</span> <span class='ocrx_word' id='word_1_221' title='bbox 2129 2515 2376 2595; x_wconf 77' lang='lat' dir='ltr'>integra.</span> <span class='ocrx_word' id='word_1_222' title='bbox 2421 2516 2694 2577; x_wconf 70' lang='lat' dir='ltr'>Cannu.</span> 
     </span>
     <span class='ocr_line' id='line_1_25' title="bbox 411 2606 2696 2686; baseline 0.002 -21"><span class='ocrx_word' id='word_1_223' title='bbox 411 2606 607 2675; x_wconf 88' lang='lat' dir='ltr'>Quam</span> <span class='ocrx_word' id='word_1_224' title='bbox 628 2626 768 2686; x_wconf 83' lang='lat' dir='ltr'>ergo</span> <span class='ocrx_word' id='word_1_225' title='bbox 796 2606 1040 2667; x_wconf 83' lang='lat' dir='ltr'>multam</span> <span class='ocrx_word' id='word_1_226' title='bbox 1061 2607 1165 2667; x_wconf 90' lang='lat' dir='ltr'>tibi</span> <span class='ocrx_word' id='word_1_227' title='bbox 1187 2606 1479 2685; x_wconf 79' lang='lat' dir='ltr'>irrogabo,</span> <span class='ocrx_word' id='word_1_228' title='bbox 1530 2607 1579 2666; x_wconf 86' lang='lat' dir='ltr'>si</span> <span class='ocrx_word' id='word_1_229' title='bbox 1623 2626 1809 2668; x_wconf 88' lang='lat' dir='ltr'>causa</span> <span class='ocrx_word' id='word_1_230' title='bbox 1847 2606 2176 2667; x_wconf 68' lang='lat' dir='ltr'>cecideris?</span> <span class='ocrx_word' id='word_1_231' title='bbox 2259 2608 2466 2669; x_wconf 63' lang='lat' dir='ltr'>Paur.</span> <span class='ocrx_word' id='word_1_232' title='bbox 2510 2608 2696 2679; x_wconf 73' lang='lat' dir='ltr'>Qum-</span> 
     </span>
     <span class='ocr_line' id='line_1_26' title="bbox 413 2690 2698 2779; baseline 0.001 -19"><span class='ocrx_word' id='word_1_233' title='bbox 413 2719 647 2779; x_wconf 89' lang='lat' dir='ltr'>cunque</span> <span class='ocrx_word' id='word_1_234' title='bbox 705 2700 808 2761; x_wconf 88' lang='lat' dir='ltr'>tibi</span> <span class='ocrx_word' id='word_1_235' title='bbox 865 2700 1174 2760; x_wconf 84' lang='lat' dir='ltr'>videbitur.</span> <span class='ocrx_word' id='word_1_236' title='bbox 1284 2699 1553 2759; x_wconf 70' lang='lat' dir='ltr'>Onnum.</span> <span class='ocrx_word' id='word_1_237' title='bbox 1615 2690 1800 2761; x_wconf 82' lang='lat' dir='ltr'>Recte</span> <span class='ocrx_word' id='word_1_238' title='bbox 1858 2711 2147 2761; x_wconf 84' lang='lat' dir='ltr'>autumas.</span> <span class='ocrx_word' id='word_1_239' title='bbox 2256 2700 2464 2762; x_wconf 66' lang='lat' dir='ltr'>Pam».</span> <span class='ocrx_word' id='word_1_240' title='bbox 2527 2701 2698 2763; x_wconf 84' lang='lat' dir='ltr'>Idem</span> 
     </span>
     <span class='ocr_line' id='line_1_27' title="bbox 342 2792 2696 2872; baseline 0.001 -17"><span class='ocrx_word' id='word_1_241' title='bbox 342 2822 349 2830; x_wconf 95' lang='lat'><strong>·</strong></span> <span class='ocrx_word' id='word_1_242' title='bbox 410 2792 587 2867; x_wconf 89' lang='lat' dir='ltr'>enim,</span> <span class='ocrx_word' id='word_1_243' title='bbox 617 2793 667 2853; x_wconf 88' lang='lat' dir='ltr'>si</span> <span class='ocrx_word' id='word_1_244' title='bbox 696 2794 1027 2866; x_wconf 84' lang='lat' dir='ltr'>vincamini,</span> <span class='ocrx_word' id='word_1_245' title='bbox 1056 2793 1219 2854; x_wconf 85' lang='lat' dir='ltr'>vobis</span> <span class='ocrx_word' id='word_1_246' title='bbox 1273 2792 1620 2872; x_wconf 86' lang='lat' dir='ltr'>patiundum</span> <span class='ocrx_word' id='word_1_247' title='bbox 1666 2793 1796 2854; x_wconf 89' lang='lat' dir='ltr'>erit.</span> <span class='ocrx_word' id='word_1_248' title='bbox 1879 2793 2078 2854; x_wconf 67' lang='lat' dir='ltr'>Bur.</span> <span class='ocrx_word' id='word_1_249' title='bbox 2119 2792 2382 2855; x_wconf 85' lang='lat' dir='ltr'>Putasne</span> <span class='ocrx_word' id='word_1_250' title='bbox 2427 2794 2696 2857; x_wconf 81' lang='lat' dir='ltr'>sufficere</span> 
     </span>
     <span class='ocr_line' id='line_1_28' title="bbox 410 2883 2696 2967; baseline 0.001 -21"><span class='ocrx_word' id='word_1_251' title='bbox 410 2896 627 2947; x_wconf 86' lang='lat' dir='ltr'>mortes</span> <span class='ocrx_word' id='word_1_252' title='bbox 656 2883 907 2967; x_wconf 74' lang='lat' dir='ltr'>viginti?</span> <span class='ocrx_word' id='word_1_253' title='bbox 963 2888 1235 2947; x_wconf 67' lang='lat' dir='ltr'>Cannu.</span> <span class='ocrx_word' id='word_1_254' title='bbox 1267 2885 1423 2947; x_wconf 90' lang='lat' dir='ltr'>Huic</span> <span class='ocrx_word' id='word_1_255' title='bbox 1449 2884 1724 2966; x_wconf 89' lang='lat' dir='ltr'>quidem:</span> <span class='ocrx_word' id='word_1_256' title='bbox 1754 2886 2012 2947; x_wconf 85' lang='lat' dir='ltr'>atnobis</span> <span class='ocrx_word' id='word_1_257' title='bbox 2040 2885 2177 2947; x_wconf 73' lang='lat' dir='ltr'>dum</span> <span class='ocrx_word' id='word_1_258' title='bbox 2206 2886 2500 2948; x_wconf 86' lang='lat' dir='ltr'>sufficient</span> <span class='ocrx_word' id='word_1_259' title='bbox 2527 2887 2696 2949; x_wconf 76' lang='lat' dir='ltr'>soloe.</span> 
     </span>
     <span class='ocr_line' id='line_1_29' title="bbox 412 2977 2699 3061; baseline 0.001 -22"><span class='ocrx_word' id='word_1_260' title='bbox 412 2979 622 3040; x_wconf 61' lang='lat' dir='ltr'>Paur-</span> <span class='ocrx_word' id='word_1_261' title='bbox 666 2979 946 3060; x_wconf 80' lang='lat' dir='ltr'>Effugere·</span> <span class='ocrx_word' id='word_1_262' title='bbox 971 2999 1090 3039; x_wconf 88' lang='lat' dir='ltr'>non</span> <span class='ocrx_word' id='word_1_263' title='bbox 1130 2978 1419 3060; x_wconf 87' lang='lat' dir='ltr'>poteritis,</span> <span class='ocrx_word' id='word_1_264' title='bbox 1449 2978 1594 3059; x_wconf 88' lang='lat' dir='ltr'>quin</span> <span class='ocrx_word' id='word_1_265' title='bbox 1635 2977 1752 3039; x_wconf 87' lang='lat' dir='ltr'>hoc</span> <span class='ocrx_word' id='word_1_266' title='bbox 1790 2979 2125 3060; x_wconf 82' lang='lat' dir='ltr'>patiamini:</span> <span class='ocrx_word' id='word_1_267' title='bbox 2173 2988 2274 3039; x_wconf 86' lang='lat' dir='ltr'>aut</span> <span class='ocrx_word' id='word_1_268' title='bbox 2315 2979 2460 3060; x_wconf 88' lang='lat' dir='ltr'>quid</span> <span class='ocrx_word' id='word_1_269' title='bbox 2504 2983 2699 3061; x_wconf 85' lang='lat' dir='ltr'>possit</span> 
     </span>
     <span class='ocr_line' id='line_1_30' title="bbox 410 3070 2698 3154; baseline 0.002 -24"><span class='ocrx_word' id='word_1_270' title='bbox 410 3072 626 3132; x_wconf 86' lang='lat' dir='ltr'>habere</span> <span class='ocrx_word' id='word_1_271' title='bbox 674 3071 908 3151; x_wconf 88' lang='lat' dir='ltr'>aliquis,</span> <span class='ocrx_word' id='word_1_272' title='bbox 956 3070 1117 3151; x_wconf 88' lang='lat' dir='ltr'>quod</span> <span class='ocrx_word' id='word_1_273' title='bbox 1158 3071 1297 3131; x_wconf 89' lang='lat' dir='ltr'>mihi</span> <span class='ocrx_word' id='word_1_274' title='bbox 1326 3071 1459 3151; x_wconf 87' lang='lat' dir='ltr'>jure</span> <span class='ocrx_word' id='word_1_275' title='bbox 1502 3070 1807 3153; x_wconf 72' lang='lat' dir='ltr'>opponat?</span> <span class='ocrx_word' id='word_1_276' title='bbox 1890 3073 2104 3134; x_wconf 77' lang='lat' dir='ltr'>Cnoa.</span> <span class='ocrx_word' id='word_1_277' title='bbox 2146 3070 2266 3133; x_wconf 89' lang='lat' dir='ltr'>Sed</span> <span class='ocrx_word' id='word_1_278' title='bbox 2297 3072 2423 3151; x_wconf 87' lang='lat' dir='ltr'>jam</span> <span class='ocrx_word' id='word_1_279' title='bbox 2463 3082 2698 3154; x_wconf 84' lang='lat' dir='ltr'>oportet</span> 
     </span>
     <span class='ocr_line' id='line_1_31' title="bbox 412 3163 2698 3245; baseline 0.002 -21"><span class='ocrx_word' id='word_1_280' title='bbox 412 3180 517 3225; x_wconf 79' lang='lat' dir='ltr'>vos</span> <span class='ocrx_word' id='word_1_281' title='bbox 539 3172 812 3243; x_wconf 80' lang='lat' dir='ltr'>argutum</span> <span class='ocrx_word' id='word_1_282' title='bbox 840 3163 1140 3245; x_wconf 89' lang='lat' dir='ltr'>quidpiam</span> <span class='ocrx_word' id='word_1_283' title='bbox 1167 3164 1447 3244; x_wconf 84' lang='lat' dir='ltr'>proferre,</span> <span class='ocrx_word' id='word_1_284' title='bbox 1474 3184 1594 3243; x_wconf 90' lang='lat' dir='ltr'>quo</span> <span class='ocrx_word' id='word_1_285' title='bbox 1622 3164 1869 3226; x_wconf 85' lang='lat' dir='ltr'>vincatis</span> <span class='ocrx_word' id='word_1_286' title='bbox 1911 3164 2156 3239; x_wconf 86' lang='lat' dir='ltr'>hancce,</span> <span class='ocrx_word' id='word_1_287' title='bbox 2198 3163 2411 3227; x_wconf 85' lang='lat' dir='ltr'>adlatis</span> <span class='ocrx_word' id='word_1_288' title='bbox 2452 3166 2698 3229; x_wconf 84' lang='lat' dir='ltr'>rationi·</span> 
     </span>
     <span class='ocr_line' id='line_1_32' title="bbox 410 3255 2692 3339; baseline 0.002 -22"><span class='ocrx_word' id='word_1_289' title='bbox 410 3260 517 3319; x_wconf 89' lang='lat' dir='ltr'>bus</span> <span class='ocrx_word' id='word_1_290' title='bbox 538 3256 595 3318; x_wconf 87' lang='lat' dir='ltr'>ei</span> <span class='ocrx_word' id='word_1_291' title='bbox 623 3255 1095 3317; x_wconf 85' lang='lat' dir='ltr'>contradicentes</span> <span class='ocrx_word' id='word_1_292' title='bbox 1120 3276 1135 3317; x_wconf 75' lang='grc' dir='ltr'><strong>ε</strong></span> <span class='ocrx_word' id='word_1_293' title='bbox 1165 3256 1308 3317; x_wconf 89' lang='lat' dir='ltr'>nihil</span> <span class='ocrx_word' id='word_1_294' title='bbox 1338 3275 1477 3317; x_wconf 82' lang='lat' dir='ltr'>vero</span> <span class='ocrx_word' id='word_1_295' title='bbox 1504 3257 1756 3318; x_wconf 85' lang='lat' dir='ltr'>molliter</span> <span class='ocrx_word' id='word_1_296' title='bbox 1773 3267 1836 3318; x_wconf 89' lang='lat' dir='ltr'>et</span> <span class='ocrx_word' id='word_1_297' title='bbox 1857 3258 2098 3318; x_wconf 86' lang='lat' dir='ltr'>remisse</span> <span class='ocrx_word' id='word_1_298' title='bbox 2121 3258 2332 3339; x_wconf 83' lang='lat' dir='ltr'>agatis.</span> <span class='ocrx_word' id='word_1_299' title='bbox 2417 3260 2692 3323; x_wconf 70' lang='lat' dir='ltr'>Canu.</span> 
     </span>
     <span class='ocr_line' id='line_1_33' title="bbox 412 3349 2693 3432; baseline 0.002 -23"><span class='ocrx_word' id='word_1_300' title='bbox 412 3352 541 3430; x_wconf 83' lang='lat' dir='ltr'>Ego</span> <span class='ocrx_word' id='word_1_301' title='bbox 570 3369 664 3410; x_wconf 89' lang='lat' dir='ltr'>me</span> <span class='ocrx_word' id='word_1_302' title='bbox 692 3350 935 3410; x_wconf 84' lang='lat' dir='ltr'>arbitror</span> <span class='ocrx_word' id='word_1_303' title='bbox 960 3349 1333 3429; x_wconf 81' lang='lat' dir='ltr'>cognovisse,</span> <span class='ocrx_word' id='word_1_304' title='bbox 1363 3350 1517 3411; x_wconf 87' lang='lat' dir='ltr'>istuc</span> <span class='ocrx_word' id='word_1_305' title='bbox 1547 3350 1817 3411; x_wconf 87' lang='lat' dir='ltr'>omnibus</span> <span class='ocrx_word' id='word_1_306' title='bbox 1846 3370 1920 3409; x_wconf 85' lang='lat' dir='ltr'>ex</span> <span class='ocrx_word' id='word_1_307' title='bbox 1947 3370 2120 3431; x_wconf 83' lang='lat' dir='ltr'>oequo</span> <span class='ocrx_word' id='word_1_308' title='bbox 2162 3370 2296 3411; x_wconf 89' lang='lat' dir='ltr'>esse</span> <span class='ocrx_word' id='word_1_309' title='bbox 2337 3351 2397 3411; x_wconf 89' lang='lat' dir='ltr'>in</span> <span class='ocrx_word' id='word_1_310' title='bbox 2437 3362 2693 3432; x_wconf 88' lang='lat' dir='ltr'>promtu,</span> 
     </span>
     <span class='ocr_line' id='line_1_34' title="bbox 409 3440 2696 3521; baseline 0.003 -20"><span class='ocrx_word' id='word_1_311' title='bbox 409 3442 679 3503; x_wconf 84' lang='lat' dir='ltr'>nimirum</span> <span class='ocrx_word' id='word_1_312' title='bbox 698 3441 927 3521; x_wconf 88' lang='lat' dir='ltr'>justum</span> <span class='ocrx_word' id='word_1_313' title='bbox 952 3460 1106 3515; x_wconf 89' lang='lat' dir='ltr'>esse,</span> <span class='ocrx_word' id='word_1_314' title='bbox 1136 3450 1199 3501; x_wconf 89' lang='lat' dir='ltr'>ut</span> <span class='ocrx_word' id='word_1_315' title='bbox 1225 3440 1396 3503; x_wconf 88' lang='lat' dir='ltr'>bonis</span> <span class='ocrx_word' id='word_1_316' title='bbox 1439 3442 1772 3503; x_wconf 84' lang='lat' dir='ltr'>hominibus</span> <span class='ocrx_word' id='word_1_317' title='bbox 1823 3444 1970 3503; x_wconf 91' lang='lat' dir='ltr'>bene</span> <span class='ocrx_word' id='word_1_318' title='bbox 2019 3444 2135 3512; x_wconf 85' lang='lat' dir='ltr'>sit;</span> <span class='ocrx_word' id='word_1_319' title='bbox 2181 3442 2352 3503; x_wconf 86' lang='lat' dir='ltr'>malis</span> <span class='ocrx_word' id='word_1_320' title='bbox 2399 3455 2596 3505; x_wconf 86' lang='lat' dir='ltr'>autem</span> <span class='ocrx_word' id='word_1_321' title='bbox 2629 3457 2696 3508; x_wconf 87' lang='lat' dir='ltr'>et</span> 
     </span>
     <span class='ocr_line' id='line_1_35' title="bbox 406 3534 2692 3619; baseline 0.003 -25"><span class='ocrx_word' id='word_1_322' title='bbox 406 3534 618 3614; x_wconf 87' lang='lat' dir='ltr'>impiis,</span> <span class='ocrx_word' id='word_1_323' title='bbox 646 3544 876 3595; x_wconf 85' lang='lat' dir='ltr'>contra.</span> <span class='ocrx_word' id='word_1_324' title='bbox 962 3535 1097 3596; x_wconf 87' lang='lat' dir='ltr'>Hoc</span> <span class='ocrx_word' id='word_1_325' title='bbox 1133 3555 1311 3615; x_wconf 88' lang='lat' dir='ltr'>quum</span> <span class='ocrx_word' id='word_1_326' title='bbox 1362 3556 1471 3595; x_wconf 90' lang='lat' dir='ltr'>nos</span> <span class='ocrx_word' id='word_1_327' title='bbox 1510 3554 1876 3619; x_wconf 85' lang='lat' dir='ltr'>cuperemus,</span> <span class='ocrx_word' id='word_1_328' title='bbox 1914 3535 2009 3597; x_wconf 80' lang='lat' dir='ltr'>vix</span> <span class='ocrx_word' id='word_1_329' title='bbox 2058 3535 2292 3598; x_wconf 89' lang='lat' dir='ltr'>tandem</span> <span class='ocrx_word' id='word_1_330' title='bbox 2339 3537 2692 3613; x_wconf 80' lang='lat' dir='ltr'>invenimus,</span> 
     </span>
     <span class='ocr_line' id='line_1_36' title="bbox 404 3626 2692 3711; baseline 0.003 -24"><span class='ocrx_word' id='word_1_331' title='bbox 404 3646 527 3709; x_wconf 84' lang='lat' dir='ltr'>quo</span> <span class='ocrx_word' id='word_1_332' title='bbox 550 3627 611 3687; x_wconf 86' lang='lat' dir='ltr'>id</span> <span class='ocrx_word' id='word_1_333' title='bbox 640 3626 915 3688; x_wconf 78' lang='lat' dir='ltr'>effectum</span> <span class='ocrx_word' id='word_1_334' title='bbox 943 3627 1239 3703; x_wconf 85' lang='lat' dir='ltr'>daremus,</span> <span class='ocrx_word' id='word_1_335' title='bbox 1266 3628 1576 3689; x_wconf 86' lang='lat' dir='ltr'>consilium</span> <span class='ocrx_word' id='word_1_336' title='bbox 1624 3628 1932 3709; x_wconf 88' lang='lat' dir='ltr'>pulchrum</span> <span class='ocrx_word' id='word_1_337' title='bbox 1969 3640 2030 3689; x_wconf 88' lang='lat' dir='ltr'>et</span> <span class='ocrx_word' id='word_1_338' title='bbox 2065 3648 2436 3709; x_wconf 81' lang='lat' dir='ltr'>generosum,</span> <span class='ocrx_word' id='word_1_339' title='bbox 2485 3642 2549 3691; x_wconf 91' lang='lat' dir='ltr'>et</span> <span class='ocrx_word' id='word_1_340' title='bbox 2584 3650 2692 3711; x_wconf 83' lang='lat' dir='ltr'>per</span> 
     </span>
     <span class='ocr_line' id='line_1_37' title="bbox 401 3719 2693 3803; baseline 0.003 -24"><span class='ocrx_word' id='word_1_341' title='bbox 401 3720 606 3781; x_wconf 85' lang='lat' dir='ltr'>omnia</span> <span class='ocrx_word' id='word_1_342' title='bbox 630 3719 795 3781; x_wconf 84' lang='lat' dir='ltr'>utile.</span> <span class='ocrx_word' id='word_1_343' title='bbox 876 3719 941 3780; x_wconf 84' lang='lat' dir='ltr'>Si</span> <span class='ocrx_word' id='word_1_344' title='bbox 967 3720 1117 3780; x_wconf 87' lang='lat' dir='ltr'>enim</span> <span class='ocrx_word' id='word_1_345' title='bbox 1150 3721 1363 3781; x_wconf 89' lang='lat' dir='ltr'>Plutus</span> <span class='ocrx_word' id='word_1_346' title='bbox 1392 3740 1554 3782; x_wconf 91' lang='lat' dir='ltr'>nunc</span> <span class='ocrx_word' id='word_1_347' title='bbox 1581 3734 1804 3795; x_wconf 86' lang='lat' dir='ltr'>cernat,</span> <span class='ocrx_word' id='word_1_348' title='bbox 1847 3742 2039 3803; x_wconf 89' lang='lat' dir='ltr'>neque</span> <span class='ocrx_word' id='word_1_349' title='bbox 2085 3741 2282 3783; x_wconf 85' lang='lat' dir='ltr'>coecus</span> <span class='ocrx_word' id='word_1_350' title='bbox 2330 3724 2693 3801; x_wconf 85' lang='lat' dir='ltr'>obambulet,</span> 
     </span>
     <span class='ocr_line' id='line_1_38' title="bbox 406 3812 2689 3897; baseline 0.003 -23"><span class='ocrx_word' id='word_1_351' title='bbox 406 3812 485 3874; x_wconf 84' lang='lat' dir='ltr'>ad</span> <span class='ocrx_word' id='word_1_352' title='bbox 510 3814 698 3874; x_wconf 87' lang='lat' dir='ltr'>bonos</span> <span class='ocrx_word' id='word_1_353' title='bbox 724 3812 991 3873; x_wconf 84' lang='lat' dir='ltr'>homines</span> <span class='ocrx_word' id='word_1_354' title='bbox 1021 3812 1149 3887; x_wconf 90' lang='lat' dir='ltr'>ibit,</span> <span class='ocrx_word' id='word_1_355' title='bbox 1174 3824 1235 3874; x_wconf 84' lang='lat' dir='ltr'>et</span> <span class='ocrx_word' id='word_1_356' title='bbox 1260 3833 1363 3875; x_wconf 90' lang='lat' dir='ltr'>eos</span> <span class='ocrx_word' id='word_1_357' title='bbox 1392 3833 1510 3874; x_wconf 91' lang='lat' dir='ltr'>non</span> <span class='ocrx_word' id='word_1_358' title='bbox 1561 3812 1832 3875; x_wconf 83' lang='lat' dir='ltr'>deseret:</span> <span class='ocrx_word' id='word_1_359' title='bbox 1891 3816 2078 3875; x_wconf 88' lang='lat' dir='ltr'>malos</span> <span class='ocrx_word' id='word_1_360' title='bbox 2124 3826 2322 3875; x_wconf 88' lang='lat' dir='ltr'>autem</span> <span class='ocrx_word' id='word_1_361' title='bbox 2369 3827 2432 3877; x_wconf 89' lang='lat' dir='ltr'>et</span> <span class='ocrx_word' id='word_1_362' title='bbox 2475 3815 2689 3897; x_wconf 85' lang='lat' dir='ltr'>impios</span> 
     </span>
     <span class='ocr_line' id='line_1_39' title="bbox 404 3906 2692 3986; baseline 0.001 -19"><span class='ocrx_word' id='word_1_363' title='bbox 404 3906 713 3986; x_wconf 76' lang='lat' dir='ltr'>fugitabit:</span> <span class='ocrx_word' id='word_1_364' title='bbox 757 3914 932 3986; x_wconf 79' lang='lat' dir='ltr'>atque</span> <span class='ocrx_word' id='word_1_365' title='bbox 962 3906 1047 3967; x_wconf 87' lang='lat' dir='ltr'>sic</span> <span class='ocrx_word' id='word_1_366' title='bbox 1075 3906 1291 3967; x_wconf 88' lang='lat' dir='ltr'>deinde</span> <span class='ocrx_word' id='word_1_367' title='bbox 1338 3906 1571 3980; x_wconf 88' lang='lat' dir='ltr'>efficiet,</span> <span class='ocrx_word' id='word_1_368' title='bbox 1613 3917 1680 3967; x_wconf 88' lang='lat' dir='ltr'>ut</span> <span class='ocrx_word' id='word_1_369' title='bbox 1723 3922 1930 3967; x_wconf 84' lang='lat' dir='ltr'>omnes</span> <span class='ocrx_word' id='word_1_370' title='bbox 1970 3908 2118 3967; x_wconf 83' lang='lat' dir='ltr'>fiant</span> <span class='ocrx_word' id='word_1_371' title='bbox 2151 3909 2290 3968; x_wconf 93' lang='lat' dir='ltr'>boni</span> <span class='ocrx_word' id='word_1_372' title='bbox 2341 3918 2402 3969; x_wconf 84' lang='lat' dir='ltr'>et</span> <span class='ocrx_word' id='word_1_373' title='bbox 2453 3909 2692 3985; x_wconf 78' lang='lat' dir='ltr'>divites,</span> 
     </span>
     <span class='ocr_line' id='line_1_40' title="bbox 402 3998 2692 4081; baseline 0.001 -21"><span class='ocrx_word' id='word_1_374' title='bbox 402 4012 711 4079; x_wconf 82' lang='lat' dir='ltr'>rerumque</span> <span class='ocrx_word' id='word_1_375' title='bbox 758 3998 1087 4059; x_wconf 85' lang='lat' dir='ltr'>divinarum</span> <span class='ocrx_word' id='word_1_376' title='bbox 1135 4001 1535 4060; x_wconf 85' lang='lat' dir='ltr'>observantes.</span> <span class='ocrx_word' id='word_1_377' title='bbox 1641 4000 1824 4080; x_wconf 86' lang='lat' dir='ltr'>Atqui</span> <span class='ocrx_word' id='word_1_378' title='bbox 1872 3999 2035 4081; x_wconf 91' lang='lat' dir='ltr'>quod</span> <span class='ocrx_word' id='word_1_379' title='bbox 2079 3999 2412 4062; x_wconf 87' lang='lat' dir='ltr'>hominibus</span> <span class='ocrx_word' id='word_1_380' title='bbox 2477 4002 2692 4063; x_wconf 86' lang='lat' dir='ltr'>melius</span> 
     </span>
     <span class='ocr_line' id='line_1_41' title="bbox 404 4090 2687 4175; baseline 0.004 -24"><span class='ocrx_word' id='word_1_381' title='bbox 404 4092 483 4153; x_wconf 84' lang='lat' dir='ltr'>sit</span> <span class='ocrx_word' id='word_1_382' title='bbox 508 4090 659 4153; x_wconf 81' lang='lat' dir='ltr'>istoc</span> <span class='ocrx_word' id='word_1_383' title='bbox 684 4090 837 4172; x_wconf 79' lang='lat' dir='ltr'>ipso,</span> <span class='ocrx_word' id='word_1_384' title='bbox 866 4092 999 4172; x_wconf 89' lang='lat' dir='ltr'>quis</span> <span class='ocrx_word' id='word_1_385' title='bbox 1036 4091 1295 4153; x_wconf 80' lang='lat' dir='ltr'>invenire</span> <span class='ocrx_word' id='word_1_386' title='bbox 1341 4090 1571 4172; x_wconf 69' lang='lat' dir='ltr'>possit?</span> <span class='ocrx_word' id='word_1_387' title='bbox 1654 4092 1851 4154; x_wconf 68' lang='lat' dir='ltr'>Bur.</span> <span class='ocrx_word' id='word_1_388' title='bbox 1898 4093 2108 4154; x_wconf 81' lang='lat' dir='ltr'>Nemo.</span> <span class='ocrx_word' id='word_1_389' title='bbox 2193 4094 2322 4174; x_wconf 81' lang='lat' dir='ltr'>Ego</span> <span class='ocrx_word' id='word_1_390' title='bbox 2365 4095 2472 4155; x_wconf 89' lang='lat' dir='ltr'>tibi</span> <span class='ocrx_word' id='word_1_391' title='bbox 2506 4096 2687 4175; x_wconf 84' lang='lat' dir='ltr'>hujus</span> 
     </span>
     <span class='ocr_line' id='line_1_42' title="bbox 404 4184 2690 4264; baseline 0.002 -21"><span class='ocrx_word' id='word_1_392' title='bbox 404 4185 489 4243; x_wconf 90' lang='lat' dir='ltr'>rei</span> <span class='ocrx_word' id='word_1_393' title='bbox 538 4186 707 4244; x_wconf 83' lang='lat' dir='ltr'>testis</span> <span class='ocrx_word' id='word_1_394' title='bbox 762 4202 897 4245; x_wconf 86' lang='lat' dir='ltr'>ero:</span> <span class='ocrx_word' id='word_1_395' title='bbox 948 4205 1023 4245; x_wconf 87' lang='lat' dir='ltr'>ne</span> <span class='ocrx_word' id='word_1_396' title='bbox 1078 4184 1235 4245; x_wconf 90' lang='lat' dir='ltr'>hanc</span> <span class='ocrx_word' id='word_1_397' title='bbox 1288 4185 1632 4264; x_wconf 85' lang='lat' dir='ltr'>interroges.</span> <span class='ocrx_word' id='word_1_398' title='bbox 1717 4185 1988 4247; x_wconf 70' lang='lat' dir='ltr'>Cannu.</span> <span class='ocrx_word' id='word_1_399' title='bbox 2035 4186 2117 4246; x_wconf 92' lang='lat' dir='ltr'>Ut</span> <span class='ocrx_word' id='word_1_400' title='bbox 2160 4187 2316 4247; x_wconf 89' lang='lat' dir='ltr'>euim</span> <span class='ocrx_word' id='word_1_401' title='bbox 2374 4206 2534 4248; x_wconf 83' lang='lat' dir='ltr'>nune</span> <span class='ocrx_word' id='word_1_402' title='bbox 2574 4188 2690 4249; x_wconf 87' lang='lat' dir='ltr'>bu-</span> 
     </span>
     <span class='ocr_line' id='line_1_43' title="bbox 402 4278 2688 4361; baseline 0.001 -20"><span class='ocrx_word' id='word_1_403' title='bbox 402 4296 584 4341; x_wconf 81' lang='lat' dir='ltr'>mana</span> <span class='ocrx_word' id='word_1_404' title='bbox 614 4278 731 4339; x_wconf 81' lang='lat' dir='ltr'>vita</span> <span class='ocrx_word' id='word_1_405' title='bbox 768 4286 1110 4359; x_wconf 80' lang='lat' dir='ltr'>comparata</span> <span class='ocrx_word' id='word_1_406' title='bbox 1149 4287 1260 4350; x_wconf 88' lang='lat' dir='ltr'>est,</span> <span class='ocrx_word' id='word_1_407' title='bbox 1286 4278 1419 4357; x_wconf 90' lang='lat' dir='ltr'>quis</span> <span class='ocrx_word' id='word_1_408' title='bbox 1447 4294 1567 4337; x_wconf 91' lang='lat' dir='ltr'>non</span> <span class='ocrx_word' id='word_1_409' title='bbox 1591 4278 1823 4357; x_wconf 88' lang='lat' dir='ltr'>putabit</span> <span class='ocrx_word' id='word_1_410' title='bbox 1861 4278 2148 4339; x_wconf 85' lang='lat' dir='ltr'>insaniam</span> <span class='ocrx_word' id='word_1_411' title='bbox 2191 4299 2345 4355; x_wconf 80' lang='lat' dir='ltr'>esse,</span> <span class='ocrx_word' id='word_1_412' title='bbox 2367 4282 2460 4342; x_wconf 82' lang='lat' dir='ltr'>vel</span> <span class='ocrx_word' id='word_1_413' title='bbox 2487 4282 2688 4361; x_wconf 84' lang='lat' dir='ltr'>potins</span> 
     </span>
     <span class='ocr_line' id='line_1_44' title="bbox 409 4368 2690 4454; baseline 0.002 -23"><span class='ocrx_word' id='word_1_414' title='bbox 409 4370 703 4432; x_wconf 70' lang='lat' dir='ltr'>furorem?</span> <span class='ocrx_word' id='word_1_415' title='bbox 784 4371 1023 4431; x_wconf 89' lang='lat' dir='ltr'>Plurimi</span> <span class='ocrx_word' id='word_1_416' title='bbox 1053 4369 1208 4429; x_wconf 88' lang='lat' dir='ltr'>enim</span> <span class='ocrx_word' id='word_1_417' title='bbox 1225 4368 1548 4443; x_wconf 88' lang='lat' dir='ltr'>bominum,</span> <span class='ocrx_word' id='word_1_418' title='bbox 1576 4370 1712 4432; x_wconf 87' lang='lat' dir='ltr'>licet</span> <span class='ocrx_word' id='word_1_419' title='bbox 1756 4372 1874 4433; x_wconf 85' lang='lat' dir='ltr'>sint</span> <span class='ocrx_word' id='word_1_420' title='bbox 1917 4372 2078 4446; x_wconf 83' lang='lat' dir='ltr'>mali,</span> <span class='ocrx_word' id='word_1_421' title='bbox 2115 4374 2325 4454; x_wconf 88' lang='lat' dir='ltr'>opibus</span> <span class='ocrx_word' id='word_1_422' title='bbox 2358 4372 2690 4447; x_wconf 84' lang='lat' dir='ltr'>abundant,</span> 
     </span>
     <span class='ocr_line' id='line_1_45' title="bbox 408 4461 2692 4547; baseline 0.003 -24"><span class='ocrx_word' id='word_1_423' title='bbox 408 4482 567 4543; x_wconf 83' lang='lat' dir='ltr'>quas·</span> <span class='ocrx_word' id='word_1_424' title='bbox 588 4464 805 4544; x_wconf 85' lang='lat' dir='ltr'>injuste</span> <span class='ocrx_word' id='word_1_425' title='bbox 835 4461 1238 4543; x_wconf 81' lang='lat' dir='ltr'>collegerunt:</span> <span class='ocrx_word' id='word_1_426' title='bbox 1290 4462 1520 4545; x_wconf 83' lang='lat' dir='ltr'>plurimi</span> <span class='ocrx_word' id='word_1_427' title='bbox 1563 4476 1780 4541; x_wconf 76' lang='lat' dir='ltr'>autem,</span> <span class='ocrx_word' id='word_1_428' title='bbox 1825 4466 2090 4547; x_wconf 83' lang='lat' dir='ltr'>quamvis</span> <span class='ocrx_word' id='word_1_429' title='bbox 2131 4469 2298 4547; x_wconf 87' lang='lat' dir='ltr'>probi</span> <span class='ocrx_word' id='word_1_430' title='bbox 2348 4466 2692 4543; x_wconf 79' lang='lat' dir='ltr'>admodum,</span> 
     </span>
    </p>
   </div>
   <div class='ocr_carea' id='block_1_3' title="bbox 3007 4464 3013 5007">
    <p class='ocr_par' dir='ltr' id='par_1_3' title="bbox 3007 4464 3013 5007">
     <span class='ocr_line' id='line_1_46' title="bbox 3007 4464 3013 5007; baseline 0 0"><span class='ocrx_word' id='word_1_431' title='bbox 3007 4464 3013 5007; x_wconf 95' lang='lat' dir='ltr'> </span> 
     </span>
    </p>
   </div>
  </div>
 </body>
</html>
