3059 5059
345 374 617 454 40-99]
863 370 1640 438 AR1s'roPuAms
1715 367 2123 449 ptu’rus.
2524 372 2642 454 less

348 510 625 568 Caum.
666 507 914 569 Audies.
981 508 1173 571 -Clare
1204 524 1455 586 namque
1488 506 1656 566 Deus
1685 505 1838 565 dixit
1859 504 2243 567 mihihocce:
2299 508 2396 567 cni
2438 522 2640 569 occur·

342 618 531 661 rerem
552 604 817 683 primum
842 622 1130 683 egr-eam,
1156 602 1233 662 ab
1251 620 1319 661 eo
1356 620 1443 660 me
1458 602 1656 679 jussit
1695 618 1816 659 non
1844 598 2099 677 amplius
2130 598 2441 672 discedere,
2480 601 2644 681 eique

346 695 723 772 persuadere,
750 704 819 755 ue
838 716 925 755 me
950 701 1227 774 sequatur
1254 695 1501 756 domum.
1583 692 1752 753 can.
1783 692 1896 751 Cui
1924 709 2065 769 ergo
2093 691 2280 771 primo
2302 690 2645 753 occurristi?

350 788 630 848 Cannu.
684 789 865 850 Huic.
950 790 1119 849 CAR.
1174 788 1341 847 Itane
1388 806 1508 846 non
1553 785 1834 865 intelligis
1879 794 2133 843 mentem
2183 782 2298 853 dei,
2343 782 2645 848 hominum

352 878 741 959 ineptissime,
772 902 905 959 quae
932 882 1033 941 tibi
1058 880 1202 941 dicit
1225 880 1572 951 clarissime,
1605 879 1786 939 filium
1815 889 1980 938 tuum
2002 889 2070 936 ut
2089 875 2312 937 educes
2331 878 2646 938 vernaculo

352 972 564 1031 more?
647 975 920 1033 Carum.
951 964 1225 1043 Quonam
1254 984 1605 1051 argumento
1623 974 1772 1031 istuc
1801 968 2077 1050 judicas?
2161 971 2328 1031 cin.
2359 971 2648 1031 Nimirum

352 1064 445 1124 vel
492 1086 695 1126 coecus
724 1086 1087 1146 cognoscere
1114 1067 1224 1127 sibi
1252 1067 1367 1126 hoc
1407 1065 1696 1139 videatur,
1723 1064 1890 1125 valde
1936 1084 2052 1125 esse
2095 1064 2456 1125 conducibile
2491 1066 2656 1126 nihil

354 1159 494 1219 boni
522 1164 732 1221 conari
772 1159 879 1221 hoc
929 1170 1205 1241 tempore.
1291 1161 1569 1220 Cannu.
1619 1160 1756 1219 Non
1803 1166 2006 1238 potest
2057 1156 2182 1215 fieri
2227 1169 2296 1216 ut
2350 1158 2652 1219 oraculum

354 1251 456 1312 illo
475 1264 709 1333 vergat,
732 1252 840 1315 sed
866 1254 940 1313 ad
963 1255 1152 1333 majus
1180 1253 1343 1313 aliud
1372 1252 1698 1334 quidpiam.
1785 1250 1962 1321 Quod
1985 1252 2034 1310 si
2062 1250 2234 1311 nobis
2263 1249 2477 1312 dixerit
2516 1252 2652 1326 iste,

355 1346 600 1425 quinam
626 1350 724 1420 sit,
750 1358 809 1408 et
838 1368 956 1427 qua
982 1348 1190 1426 gratia,
1214 1358 1275 1407 et
1300 1347 1468 1428 cujus
1497 1347 1578 1407 rei
1610 1346 1883 1426 indigens
1911 1342 2135 1406 venerit
2162 1344 2470 1405 nobiscum
2512 1345 2652 1417 huc,

356 1439 822 1520 intelligeremus
872 1460 1147 1521 quoenam
1211 1440 1289 1500 sit
1350 1459 1519 1499 mens
1574 1440 1798 1500 oraculi
1845 1438 2050 1500 nostri.
2165 1441 2330 1499 Can.
2378 1428 2653 1517 Agedum

358 1541 609 1593 tutemet
636 1543 692 1593 te
720 1533 939 1606 indica,
967 1536 1208 1614 quinam
1238 1534 1342 1605 sis,
1370 1533 1714 1612 priusquam
1755 1532 1967 1593 faciam
2016 1552 2152 1614 quse
2195 1533 2478 1613 deinceps
2513 1552 2657 1592 con·

355 1638 635 1687 secutura
678 1638 840 1687 sunt.
925 1628 1137 1689 Dicere
1190 1636 1425 1706 oportet
1475 1646 1654 1707 quam
1707 1626 2009 1687 citissime.
2096 1628 2300 1689 Pmrr.
2360 1624 2654 1703 Equidem

357 1717 578 1797 ejulare
627 1731 687 1780 te
720 1720 924 1800 jubeo.
1013 1723 1181 1781 Cau.
1224 1718 1515 1799 Intelligis
1571 1739 1744 1799 quem
1797 1739 1860 1779 se
1919 1720 2078 1781 dicat
2120 1720 2296 1781 esse?
2381 1720 2653 1779 Cannu.

356 1810 486 1870 Tibi
532 1811 649 1873 hoc
690 1812 859 1886 dicit,
888 1834 1007 1875 non
1052 1815 1210 1873 mihi.
1294 1814 1447 1872 Nam
1491 1812 1706 1873 rustice
1752 1824 1812 1871 et
1857 1812 2076 1873 duriter
2121 1833 2256 1875 eum
2301 1816 2652 1891 interrogas.

358 1904 439 1961 At
463 1916 550 1975 tu,
574 1906 627 1964 si
649 1907 754 1966 tibi
784 1907 1025 1987 placent
1048 1908 1301 1967 hominis
1331 1906 1572 1966 candidi
1623 1924 1836 1975 mores,
1881 1905 1976 1965 dic
2024 1908 2184 1967 mihi.
2268 1907 2472 1967 Ριυτ.
2519 1907 2660 1967 Plo-

360 2016 487 2057 rare
514 1998 791 2077 equidem
809 2000 920 2061 tibi
948 2000 1106 2061 dico.
1184 2000 1355 2059 cin.
1387 1998 1756 2079 Amplectere
1785 1999 1967 2057 virum
1996 2010 2058 2059 et
2092 2020 2263 2061 omen
2313 2001 2576 2062 oblatum
2622 2021 2661 2062 a

360 2090 512 2151 Deo.
598 2092 870 2153 enum.
907 2094 1084 2153 Haud
1130 2094 1390 2173 impune,
1428 2095 1513 2153 ita
1557 2091 1696 2152 mihi
1723 2092 1904 2152 Ceres
1952 2093 2206 2173 propitia
2249 2096 2348 2166 sit,
2399 2093 2460 2153 id
2505 2094 2658 2155 feres

360 2185 638 2265 amplius.
724 2188 893 2248 Cau.
940 2187 1069 2248 Nisi
1100 2187 1254 2247 enim
1285 2186 1554 2247 declares
1578 2186 1678 2264 qui
1707 2187 1811 2258 sis,
1842 2184 1996 2245 male
2024 2195 2084 2245 te
2130 2186 2348 2246 malum
2391 2187 2659 2267 perdam.

352 2279 571 2341 Pru‘r.
624 2280 679 2339 Ο
724 2281 885 2353 boni,
944 2279 1233 2341 discedite
1287 2299 1324 2339 a
1377 2300 1488 2340 me.
1575 2280 1846 2339 Culum.
1905 2278 2408 2359 Haudquaquam.
2492 2280 2660 2341 cin.

364 2372 656 2451 Equidem
714 2374 1001 2452 optimum
1051 2386 1145 2434 est
1200 2372 1356 2454 quod
1414 2374 1573 2445 dico,
1618 2371 1796 2432 here:
1855 2371 2099 2452 perdam
2153 2372 2448 2433 hominem
2502 2374 2661 2435 hunc

364 2466 636 2545 pessime.
722 2468 993 2527 Statuam
1050 2468 1207 2527 enim
1256 2486 1391 2527 eum
1434 2466 1493 2525 in
1553 2467 1688 2527 loco
1745 2465 1944 2544 aliquo
2001 2476 2335 2545 praerupto;
2392 2478 2532 2547 post
2583 2468 2664 2527 ibi

364 2558 571 2617 relicto
600 2558 835 2619 homine
872 2561 1068 2633 abibo,
1110 2572 1178 2619 ut
1224 2559 1363 2620 inde
1414 2558 1696 2640 delapsus
1746 2559 2004 2620 cervices
2049 2560 2304 2638 frangat.
2389 2561 2662 2623 Cultam.

366 2650 535 2711 Tolle
564 2670 705 2711 vero
730 2654 1037 2713 sublimem
1070 2654 1258 2712 ocius.
1341 2654 1545 2711 PLn‘r.
1593 2653 2002 2732 Nequaquam.
2087 2654 2360 2714 Cmum.
2405 2644 2666 2718 Dicesne

366 2744 591 2824 igitur?
674 2746 879 2807 Pur-r.
914 2746 1034 2805 Sed
1066 2747 1116 2804 si
1157 2745 1412 2806 audiatis
1455 2765 1571 2817 me,
1616 2746 1718 2823 qui
1763 2745 1897 2817 sim,
1927 2758 2022 2805 sat
2065 2746 2208 2817 scio,
2259 2747 2482 2827 aliquid
2525 2750 2668 2811 mali

370 2838 597 2899 facietis
636 2838 801 2909 mihi,
860 2858 971 2897 nec
1030 2858 1123 2898 me
1172 2838 1502 2897 dimittetis.
1589 2838 1862 2899 Culum.
1908 2839 2035 2897 Nos
2070 2838 2310 2918 quidem
2349 2839 2569 2916 hercle,
2617 2844 2668 2903 si

364 2932 549 2991 modo
604 2930 948 3011 velis-ipse.
1060 2932 1266 2991 Pnur.
1328 2930 1596 2991 Amittite
1655 2949 1814 2989 nunc
1861 2950 1956 2993 me
2009 2933 2282 3010 primum.
2395 2934 2666 2998 Onnum.

367 3024 525 3084 Ecce
558 3024 901 3085 amittimus.
985 3024 1191 3085 Purr.
1236 3024 1453 3083 Audite
1474 3023 1625 3102 jam.
1710 3024 1974 3085 Necesse
2003 3035 2095 3083 est
2121 3026 2296 3098 enim,
2323 3039 2392 3087 ut
2418 3026 2669 3103 videtur,

370 3136 465 3177 me
482 3116 702 3191 dicere,
724 3139 859 3197 quae
887 3118 1079 3179 celare
1106 3117 1550 3179 constitueram.
1605 3117 1734 3195 Ego
1755 3117 1910 3177 enim
1940 3138 2066 3177 sum
2098 3118 2330 3179 Plutus.
2397 3120 2671 3183 Canum.

368 3212 840 3293 Oimpurissime
864 3210 1167 3271 hominum
1209 3212 1503 3271 omnium!
1553 3212 1710 3271 itane
1751 3230 1890 3271 vero
1929 3213 2191 3285 tacebas,
2241 3212 2452 3274 Plutus
2489 3232 2669 3293 quum

366 3306 579 3365 esses?
666 3306 834 3364 Can.
876 3305 963 3365 Tu
996 3304 1231 3374 Plutus,
1262 3314 1383 3365 tam
1415 3324 1749 3368 aerumnoso
1789 3304 1995 3365 statu?
2077 3305 2351 3365 Cannu.
2395 3308 2449 3365 Ο
2493 3306 2674 3367 Phoe·

366 3400 443 3457 be
472 3397 711 3478 Apollo,
742 3407 803 3456 et
830 3397 913 3457 dii
942 3408 1003 3457 et
1022 3398 1323 3458 daemones
1352 3408 1415 3457 et
1440 3399 1703 3477 Jupiter!
1771 3398 1930 3467 Quid
1972 3399 2098 3459 ais?
2143 3398 2318 3462 illene
2362 3420 2566 3461 revera
2605 3420 2670 3463 es

370 3490 484 3553 tu?
570 3492 773 3551 PLu'r.
820 3491 925 3550 lue
952 3492 1217 3570 inquam.
1293 3492 1576 3555 ‚Canum
1621 3492 1680 3549 Is
1707 3492 1948 3572 ipsusne
1991 3491 2101 3551 es?
2186 3492 2388 3553 PLn'r.
2435 3494 2672 3573 Ipsissi·

370 3604 529 3645 mus,
613 3586 889 3645 Cannu.
934 3583 1107 3645 Unde
1136 3584 1335 3665 igitur,
1364 3583 1461 3645 dic
1486 3584 1648 3655 mihi,
1677 3584 1986 3662 squalidus
2016 3582 2287 3643 incedis?
2371 3584 2576 3646 Pnu'r.
2621 3588 2672 3647 E

372 3677 669 3737 Patroclis
709 3678 889 3739 domo
915 3676 1110 3749 venio,
1146 3678 1397 3756 quinon
1436 3677 1581 3737 lavit
1620 3686 1935 3755 postquam
1986 3690 2162 3735 natus
2205 3687 2316 3737 est.
2401 3680 2673 3741 Cannu.

374 3770 729 3831 Coecitatem
758 3781 957 3831 autem
982 3770 1135 3831 hanc
1165 3771 1259 3832 dic
1286 3769 1448 3843 mihi,
1472 3769 1770 3829 undenam
1801 3778 1860 3829 te
1889 3768 2171 3830 afflictet?
2256 3771 2460 3831 Pmrr.
2502 3773 2674 3855 Jupi-

372 3874 459 3923 ter
490 3864 577 3923 ita
604 3882 698 3923 me
719 3862 873 3924 male
900 3862 1126 3935 habuit,
1157 3863 1489 3923 hominibus
1518 3862 1814 3923 invidens.
1899 3862 2027 3942 Ego
2059 3864 2214 3923 enim
2253 3882 2437 3943 quum
2477 3884 2672 3928 essem

374 3954 577 4016 adhuc
606 3955 1111 4030 adolescentulus,
1146 3957 1405 4017 minatus
1442 3975 1626 4027 eram,
1671 3975 1766 4015 me
1807 3954 1888 4015 ad
1916 3955 2112 4036 justos
2157 3966 2218 4018 et
2265 3958 2567 4038 sapientes
2611 3969 2673 4020 et

377 4048 687 4109 modestos
714 4049 877 4111 solos
898 4050 1147 4112 iturum:
1203 4050 1301 4111 ille
1330 4060 1527 4113 autem
1555 4070 1650 4111 me
1679 4048 1822 4111 fecit
1847 4068 2096 4121 coecum,
2137 4059 2205 4108 ut
2245 4068 2318 4111 ne
2361 4050 2677 4131 dignosce-

377 4162 499 4201 rem
528 4140 761 4201 illorum
786 4162 1173 4223 quemquam:
1240 4142 1392 4203 adeo
1418 4143 1517 4205 ille
1537 4142 1737 4223 probis
1766 4141 2013 4203 invidet.
2098 4143 2374 4203 Culum.
2419 4144 2598 4225 Atqui
2639 4162 2678 4205 a

376 4235 581 4316 probis
636 4235 861 4296 honore
916 4236 1188 4297 adficitur
1238 4236 1384 4299 solis
1440 4246 1503 4297 et
1557 4256 1594 4296 a
1635 4236 1839 4316 justis.
1924 4234 2129 4296 Pmrr.
2172 4235 2496 4297 Adsentior
2548 4238 2676 4299 tibi.

380 4329 659 4391 Cannu.
708 4314 855 4408 Ag'e,
878 4328 1021 4409 quid
1050 4328 1239 4408 ergo?
1293 4330 1344 4389 si
1372 4348 1578 4390 rursus
1604 4348 1896 4401 cerneres,
1917 4338 1987 4387 ut
2012 4329 2289 4403 antehac,
2317 4329 2678 4408 fugitarosue

378 4432 504 4483 tum
560 4422 793 4483 malos?
894 4422 1104 4483 Pmrr.
1168 4422 1261 4483 Ita
1316 4422 1431 4484 aio.
1536 4422 1808 4483 Canen.
1870 4423 2071 4482 Iresne
2116 4441 2252 4483 vero
2310 4421 2386 4481 ad
2440 4422 2677 4483 bonos?

378 4518 586 4578 Peu‘r.
630 4516 891 4587 Maxime
920 4515 1200 4597 quidem:
1254 4515 1441 4578 multo
1468 4516 1627 4577 enim
1655 4534 1760 4579 eos
1789 4536 1908 4575 non
1929 4515 2048 4576 vidi
2077 4524 2359 4595 tempore.
2403 4514 2676 4589 Cusum.
