3059 5059
320 337 757 417 1001—1053]
1238 339 1291 396 v
1314 341 1423 402 Es
1446 341 1596 402 PAE.
2527 348 2602 408 so

310 469 501 530 lutum
523 469 551 528 'l
577 468 723 552 qui-d
754 489 847 531 me
874 487 1035 530 nunc
1062 468 1319 550 denique
1338 471 1487 532 fiet?
1516 470 1648 544 sed,
1675 490 1712 532 o
1741 471 1826 533 dii
1853 475 2065 546 sancti,
2093 473 2384 554 ignoscite
2423 476 2609 539 mihi:

308 562 531 623 invitus
554 563 713 624 enim
742 563 803 622 id
832 563 967 634 feci,
995 574 1059 624 et
1085 583 1203 624 non
1232 573 1325 624 est
1352 562 1532 625 moris
1562 566 1698 624 mei.
1767 565 1972 626 Bnm..
2016 567 2111 627 Ne
2137 567 2292 628 feras
2319 568 2380 628 id
2407 589 2608 649 mgr-e:

308 675 428 734 ego
456 657 615 716 enim
646 667 726 729 te,
754 675 791 717 o
820 667 1007 737 pater,
1030 657 1341 737 splendide
1376 657 1554 731 alam,
1583 658 1810 719 ducens
1846 678 2074 720 mecum
2115 681 2487 742 quocunque,
2529 665 2608 724 ad

310 767 566 822 coenam,
596 749 671 808 ad
700 751 1053 823 convivium,
1082 751 1161 810 ad
1192 751 1554 830 spectacula,
1584 761 1652 811 ut
1679 751 1967 831 reliquum
1995 753 2133 814 vitoe
2161 767 2392 836 tempus
2423 757 2609 837 degas

304 841 615 921 jucunde:
659 863 853 923 neque
896 855 955 904 te
994 843 1259 904 irridebit
1302 843 1703 924 Hyperbolus,
1744 864 1812 904 os
1854 845 1960 905 tibi
2001 847 2308 907 sublinens
2348 849 2608 912 offuciis.

312 936 437 996 Sed
466 937 884 1016 ingrediamur.
968 936 1171 997 Pan„
1214 935 1287 996 td
1311 955 1471 998 nunc
1510 937 1636 1010 fiat,
1679 936 1728 996 si
1769 937 2022 998 videtur.
2105 941 2323 1002 Cnon..
2366 941 2488 1002 Sed
2527 943 2610 1004 ite

310 1047 421 1089 vos
452 1029 597 1102 laeti,
638 1049 759 1108 quo
798 1030 999 1104 vultis,
1040 1030 1331 1090 celeriter.
1412 1031 1515 1104 At,
1559 1049 1595 1090 o
1635 1030 2088 1092 innumerabiles
2129 1044 2403 1107 catervae,
2445 1055 2608 1097 nunc

310 1139 451 1200 quse
482 1133 647 1182 recte
673 1120 965 1196 dicentur,
987 1141 1065 1181 ne
1092 1121 1373 1184 decidant
1395 1124 1560 1183 humi
1588 1124 1648 1183 in
1678 1143 1914 1197 vanum,
1947 1131 2190 1186 cavete!
2247 1145 2386 1186 nam
2425 1127 2606 1189 insci-

266 1221 277 1232 ’
312 1226 511 1276 torum
534 1225 628 1276 est
656 1226 1057 1296 spectatorum
1100 1215 1161 1276 id
1202 1216 1586 1291 committere,
1626 1226 1688 1276 et
1727 1235 1848 1277 non
1888 1228 2169 1280 vestrum.
2254 1218 2430 1280 Nunc
2466 1240 2610 1282 vero

310 1309 608 1370 advertite
636 1311 920 1383 animum,
962 1328 999 1371 o
1042 1308 1266 1390 populi,
1310 1310 1359 1370 si
1403 1329 1542 1370 vera
1581 1328 1696 1371 nec
1732 1309 1936 1371 fucata
1973 1312 2316 1391 loquentem
2355 1316 2604 1375 amatis:

310 1421 451 1462 nam
482 1403 757 1464 incusare
787 1413 1151 1482 spectatores
1180 1403 1568 1484 poiitaemunc
1587 1401 1771 1465 libido
1797 1413 1930 1465 est:
1987 1404 2072 1464 ait
2093 1404 2252 1465 enim
2291 1425 2397 1466 vos
2434 1407 2496 1466 in
2539 1427 2606 1468 se

312 1497 565 1577 injurios
592 1516 749 1568 esse,
778 1497 855 1558 de
884 1497 1095 1577 quibus
1123 1497 1283 1577 prior
1304 1515 1465 1577 saepe
1497 1499 1650 1556 bene
1691 1496 1934 1557 meritus
1973 1507 2088 1570 est,
2129 1498 2338 1577 partim
2379 1517 2502 1559 non
2543 1519 2608 1560 a·

308 1601 505 1671 perte,
532 1589 639 1650 sed
668 1589 824 1650 clam
852 1590 1129 1670 adjutans
1158 1589 1307 1650 alios
1336 1591 1566 1670 poetas,
1590 1609 1773 1668 quum
1800 1589 2068 1670 Euryclia
2094 1591 2513 1653 divinationem
2545 1603 2609 1654 et

310 1692 575 1744 mentem
604 1683 889 1756 imitatus,
922 1683 983 1742 in
1013 1682 1239 1744 alienos
1265 1683 1571 1764 ingressus
1600 1691 1857 1757 ventres,
1877 1684 2152 1744 'comicas
2193 1684 2412 1746 multas
2451 1685 2606 1747 fudit

310 1775 590 1836 fabulas:
642 1775 855 1856 partim
878 1795 1019 1837 vero
1047 1787 1249 1857 aperte
1272 1788 1505 1858 postea,
1530 1795 1714 1856 quum
1744 1777 1996 1857 ipsemet
2023 1795 2202 1837 ausus
2243 1787 2338 1838 est
2375 1779 2608 1858 pericu-

310 1869 436 1929 lum
466 1870 686 1942 subire,
714 1889 835 1930 non
862 1870 1207 1944 alienarum,
1246 1869 1354 1930 sed
1394 1889 1634 1930 suarum
1673 1869 1862 1950 ipsius
1903 1871 2212 1930 Musarum
2254 1889 2360 1930 ora
2397 1871 2606 1932 mode-

310 1981 481 2024 rans.
569 1963 767 2031 Quum
794 1973 992 2024 autem
1024 1964 1203 2024 tantis
1230 1963 1551 2024 honoribus
1573 1963 1765 2023 elatus
1789 1963 2020 2036 fuisset,
2047 1962 2284 2041 quantis
2311 1963 2605 2024 neminem

312 2055 683 2117 mactavistis
710 2077 996 2137 unquam,
1016 2067 1200 2137 negat
1220 2055 1544 2119 credidisse
1574 2075 1639 2116 se
1669 2075 1960 2116 summum
1985 2056 2254 2136 attigisse
2279 2055 2604 2136 fastigium,

312 2160 419 2210 aut
446 2149 706 2211 tumidos
736 2151 973 2230 spiritus
999 2151 1302 2222 sumsisse,
1340 2161 1404 2210 et
1440 2150 1750 2230 palaestras
1776 2149 2296 2210 comissabundum
2322 2149 2606 2210 circuisse

314 2253 382 2304 ut
410 2251 670 2304 tentaret
692 2261 943 2322 pueros;
992 2256 1053 2304 et
1080 2243 1129 2303 si
1154 2244 1287 2324 quis
1316 2253 1544 2304 amator
1571 2243 1648 2303 ad
1673 2263 1736 2304 se
1764 2251 2122 2324 properaret,
2146 2241 2388 2322 indigne
2409 2242 2605 2304 ferens

312 2336 633 2416 perstringi
661 2336 945 2396 amasium
974 2356 1169 2411 suum,
1198 2347 1377 2417 negat
1405 2355 1471 2396 se
1500 2335 1604 2397 ulli
1633 2353 1890 2416 unquam
1913 2351 2133 2397 morem
2155 2336 2435 2416 gessisse,
2461 2355 2607 2398 con-

313 2430 448 2490 silio
476 2447 623 2488 usus
656 2429 929 2504 honesto,
955 2449 1031 2492 ne
1056 2427 1334 2491 videlicet
1372 2429 1605 2503 Musas,
1646 2429 1996 2509 quibuscum
2037 2430 2396 2503 consuescit,
2437 2429 2606 2490 lenas

314 2521 612 2585 redderet.
696 2523 775 2582 Et
800 2522 1045 2604 quando
1074 2524 1321 2604 primum
1361 2521 1580 2584 docere
1619 2522 1820 2601 coepit,
1861 2531 2044 2602 negat
2083 2540 2148 2582 se
2189 2521 2460 2582 homines
2500 2540 2608 2603 ag·-

314 2635 589 2697 gressum
618 2615 836 2685 fuisse5
873 2615 981 2676 sed
999 2615 1276 2676 herculeo
1296 2615 1521 2696 impetu
1551 2614 1808 2675 maxima
1827 2625 2091 2674 monstra
2111 2614 2380 2676 adortum
2407 2632 2472 2675 se
2503 2615 2607 2689 ait,

312 2729 501 2788 quum
523 2710 723 2769 statim
752 2710 829 2768 ab
855 2708 1023 2768 initio
1052 2708 1335 2769 audacter
1362 2725 1720 2788 congressus
1749 2717 1844 2768 est
1877 2725 2012 2768 cum
2041 2706 2146 2768 illa
2184 2706 2426 2767 immani
2451 2706 2606 2769 rictu

313 2800 615 2861 horrenda
640 2801 839 2874 belua,
867 2801 1037 2880 cujus
1054 2801 1130 2860 ab
1159 2785 1349 2863 oculis
1376 2800 1662 2861 terribiles
1683 2799 1918 2880 Cynnoe
1945 2799 2094 2860 radii
2123 2799 2443 2874 micabant,
2463 2819 2608 2862 cen-

315 2905 565 2975 tumque
586 2896 787 2974 capita
814 2904 1247 2954 assentatorum
1272 2892 1800 2973 perditissimorum
1829 2893 2394 2954 circumlambebant
2419 2893 2475 2954 ei
2508 2913 2610 2954 ca-

316 2999 463 3073 put:
520 3005 729 3048 vocem
760 2997 955 3046 autem
976 2985 1238 3046 habebat
1262 2986 1511 3066 gurgitis
1535 2987 1848 3066 perniciem
1879 2987 2055 3058 enixi,
2095 2985 2336 3046 odorem
2377 2985 2608 3067 phocae,

315 3083 521 3144 illotos
544 3081 767 3142 Lamia>
800 3080 1023 3154 coleos,
1072 3079 1272 3140 culum
1326 3078 1556 3141 cameli.
1643 3079 1999 3159 Huiusmodi
2046 3087 2372 3140 monstrum
2425 3099 2607 3160 quum

320 3176 705 3255 conspicatus
744 3185 923 3246 esset,
976 3183 1159 3254 negat
1199 3192 1265 3235 se
1304 3172 1592 3244 timuisse,
1649 3184 1710 3232 et
1751 3173 2087 3234 muneribus
2128 3171 2190 3233 id
2237 3170 2604 3252 placavisse:

322 3287 525 3328 verum
552 3268 871 3328 etiamnum
897 3287 1005 3347 pro
1026 3267 1194 3326 vobis
1220 3277 1469 3347 pugnat,
1500 3267 1699 3346 aitque
1729 3285 1796 3326 se
1827 3276 2040 3347 praeter
2077 3265 2240 3326 istud
2281 3277 2606 3328 monstrum

321 3361 571 3422 incubos
607 3371 669 3422 et
708 3361 901 3421 febres
944 3378 1289 3440 aggressum
1334 3360 1631 3439 superiore
1672 3377 1852 3434 anno,
1888 3363 1990 3440 qui
2029 3369 2230 3440 patres
2273 3361 2610 3440 strangula-

317 3455 469 3516 bant
494 3461 701 3526 noctu,
726 3463 789 3513 et
819 3473 962 3514 avos
993 3452 1385 3526 suffocabant,
1412 3463 1475 3513 et
1513 3452 1574 3511 in
1615 3451 1906 3514 cubilibus
1946 3453 2316 3524 incubantes,
2357 3452 2609 3533 quicun-

320 3565 437 3628 que
458 3557 725 3606 vestrum
752 3547 889 3607 lites
916 3546 1116 3619 odere,
1144 3545 1332 3605 litium
1360 3545 1852 3615 contestationes,
1895 3555 1956 3606 et
1994 3545 2326 3618 citationes,
2353 3555 2416 3605 et
2441 3547 2608 3607 testi-

318 3639 525 3700 monia
549 3639 665 3699 illis
694 3639 1206 3718 conglutinabant,
1234 3638 1318 3698 ita
1340 3649 1408 3698 ut
1435 3638 1724 3718 perterriti
1751 3637 1920 3698 multi
1949 3637 2026 3697 ad
2057 3635 2506 3698 Polemarcbum
2541 3658 2606 3700 se

318 3733 708 3815 proriperent.
791 3733 993 3793 Talem
1022 3733 1308 3792 malorum
1338 3730 1735 3810 depulsorem,
1762 3730 2006 3811 hujusce
2043 3739 2416 3810 purgatorem
2455 3731 2612 3812 regi·

320 3825 474 3898 onis,
509 3843 694 3905 quum
734 3826 1093 3896 inveneritis,
1135 3836 1333 3885 tamen
1375 3843 1534 3884 anno
1575 3825 1870 3906 superiore
1910 3822 2272 3904 prodidistis,
2313 3835 2606 3886 serentem

321 3919 650 3980 sententias
673 3929 843 3997 grata
866 3921 1128 3980 novitate
1149 3918 1670 3992 commendabiles,
1698 3937 1872 3998 quas,
1899 3917 2039 3998 qnia
2074 3937 2192 3978 non
2235 3929 2396 3978 recte
2433 3919 2616 3980 intel-

319 4011 625 4085 lexeratis,
659 4012 1084 4073 incrementum
1125 4031 1335 4093 capere
1376 4031 1495 4074 non
1541 4012 1796 4074 sivistis:
1853 4011 2120 4092 quamvis
2157 4031 2262 4092 per
2304 4011 2608 4076 Bacchum

318 4105 473 4166 inter
495 4102 783 4166 libamina
806 4125 969 4188 saepe
997 4105 1250 4186 adjuret,
1278 4125 1581 4185 nunquam
1625 4104 1894 4166 meliores
1935 4104 2064 4164 istis
2104 4123 2306 4166 versus
2347 4107 2608 4168 comicos

320 4217 681 4278 quemquam
722 4199 1042 4260 audivisse.
1124 4199 1309 4259 Vobis
1351 4199 1589 4279 quidem
1629 4208 1800 4278 turpe
1839 4208 1935 4259 est
1972 4216 2094 4258 non
2135 4198 2337 4258 statim
2375 4198 2610 4259 illorum

318 4292 729 4372 proestantiam
769 4295 1159 4373 cognovisse:
1218 4289 1325 4354 sed
1365 4294 1546 4370 poeta
1582 4291 1766 4351 nihilo
1806 4289 2056 4353 deterior
2097 4289 2258 4372 apud
2310 4291 2610 4373 sapientes

320 4383 596 4459 habetur,
638 4387 691 4447 si
728 4396 1046 4468 postquam
1088 4385 1457 4446 adversarios
1498 4395 1918 4465 praetervectus
1959 4395 2072 4459 est,
2130 4404 2294 4466 spem
2348 4383 2609 4445 victorias

321 4477 641 4558 confregit.
706 4481 787 4540 At
812 4481 873 4538 in
901 4488 1229 4561 posterum,
1258 4497 1293 4538 o
1322 4479 1481 4552 boni,
1510 4481 1814 4560 poetarum
1841 4475 1998 4555 illos,
2022 4477 2122 4558 qui
2153 4477 2476 4538 studebunt
2499 4473 2608 4535 ali-
