3059 5059
307 325 659 406 ssa-684]
1323 328 1379 389 n
1396 330 1445 387 A
1474 326 1532 385 N
1553 328 1648 391 Ε.
2493 329 2614 391 219

306 455 699 519 ffliis-novis.·
760 458 939 519 AEac.
982 456 1173 537 AEquu
1217 456 1547 537 praedicas:
1600 467 1726 518 tum
1778 459 1828 517 si
1875 456 2214 519 verberibus
2260 456 2608 521 mutilavero

304 549 409 611 tibi
466 568 725 625 servum,
774 552 1219 630 praesentarium
1268 570 1303 609 a
1358 570 1451 611 me
1504 552 1690 629 petito
1739 561 2068 631 argentum.
2154 552 2423 613 Xan-111.
2467 552 2638 619 Non,

304 642 509 721 utique
532 662 684 725 ego:
736 644 845 705 sed
892 644 975 704 ita
1021 644 1181 705 hunc
1230 642 1554 703 abductum
1594 655 1826 724 torque.
1909 644 2086 705 AEnc.
2131 644 2318 703 Immo
2370 643 2436 702 in
2487 644 2606 707 hoc
2675 666 2684 671 ·

300 732 431 813 ipso
459 735 619 810 loco,
644 746 712 797 ut
739 756 936 798 coram
965 737 1025 796 in
1050 756 1117 796 os
1156 736 1261 797 tibi
1312 735 1495 796 dicat.
1579 737 1666 796 Tu
1713 736 1944 815 depone
1996 736 2257 798 sarcinas
2305 735 2493 808 ocius,
2529 756 2604 799 ac
2721 794 2729 800 .

301 827 433 887 vide
458 842 529 887 ut
551 829 695 887 nihil
722 829 817 889 hic
840 828 1007 889 dicas
1036 827 1329 889 mendaci.
1411 829 1662 890 Bacca.
1689 829 1877 889 Edico
1904 839 1973 889 ut
1989 849 2083 889 me
2111 847 2283 892 nemo
2309 837 2603 908 torqueat,

299 920 401 998 qui
448 940 583 979 snm
628 921 1009 983 immortalis:
1065 922 1179 995 sin,
1224 932 1330 981 tua
1371 921 1554 1001 culpa
1593 922 1699 981 tibi
1738 922 1971 982 evenire
2028 932 2257 1001 putato,
2314 920 2616 999 quidquid,

300 1015 562 1075 evenerit
587 1014 746 1075 mali.
812 1016 1009 1075 -AEam
1055 1013 1217 1084 Quid
1251 1013 1385 1075 ais?
1468 1016 1718 1075 Bucen.
1761 1014 1875 1073 Aio
1903 1033 1996 1073 me
2023 1013 2413 1074 immortalem
2445 1032 2602 1089 esse,

300 1104 623 1177 Bacchum,
652 1106 819 1167 Jovis
846 1107 1070 1168 filium:
1127 1107 1287 1167 hunc
1330 1116 1527 1167 autem
1571 1127 1705 1168 esse
1757 1126 2010 1167 servum.
2091 1106 2274 1167 AEac.
2317 1094 2610 1167 Haeccine

298 1197 469 1259 audis
490 1197 519 1257 ’ζ
598 1201 871 1260 Xan-ru.
915 1200 1190 1261 Profecto
1218 1199 1399 1261 audio
1422 1221 1439 1270 ;
1501 1209 1563 1262 et
1591 1200 1778 1259 multo
1801 1199 1992 1279 magis
2015 1208 2109 1259 est
2133 1198 2334 1279 flagris
2363 1200 2602 1260 coeden-

301 1289 437 1351 dus.
519 1291 587 1351 Si
610 1292 765 1353 enim
796 1292 945 1353 deus
986 1302 1103 1365 est,
1131 1312 1252 1352 non
1275 1294 1507 1354 sentiet.
1554 1293 1804 1353 Bacca.
1837 1292 2059 1362 Quidni
2085 1292 2285 1371 igitur,
2308 1290 2602 1372 siquidem

298 1393 363 1445 et
384 1394 455 1443 tu
480 1377 570 1445 ais
616 1384 792 1444 deum
833 1393 895 1447 te
938 1404 1096 1460 esse,
1143 1396 1210 1445 tu
1265 1405 1503 1467 quoque
1548 1386 1762 1468 pariter
1813 1404 2044 1447 mecum
2085 1385 2296 1467 plagas
2339 1384 2602 1466 accipis?

300 1477 574 1537 chur.
615 1478 795 1543 Justa
818 1486 912 1539 est
936 1478 1069 1539 haec
1098 1479 1304 1540 oratio.
1347 1478 1559 1539 Utrum
1587 1492 1782 1541 autem
1813 1491 2078 1540 nostrum
2108 1477 2324 1539 videris
2349 1478 2602 1558 priorem

294 1567 553 1648 plorare,
580 1581 687 1629 aut
712 1571 998 1632 rationem
1028 1572 1285 1652 aliquam
1313 1572 1529 1633 habere
1557 1573 1883 1643 verberum,
1913 1572 2074 1631 hunc
2100 1584 2166 1633 tu
2213 1590 2321 1651 pro
2364 1571 2479 1633 deo
2522 1592 2601 1633 ne

295 1660 541 1722 habeas.
622 1663 806 1725 AEAc.
849 1663 1067 1726 Procul
1090 1665 1269 1727 dubio
1298 1675 1363 1725 tu
1390 1684 1716 1745 generosus
1745 1685 1810 1725 es
1839 1664 2059 1725 homo:
2111 1685 2248 1727 nam
2281 1684 2402 1727 non
2443 1666 2602 1725 refu-

298 1753 389 1833 gis
437 1754 503 1813 id
561 1755 722 1835 quod
759 1756 986 1834 justum
1034 1769 1145 1818 est.
1232 1757 1445 1818 Exuite
1486 1758 1614 1836 jam
1671 1767 1888 1817 vestes.
1971 1760 2243 1818 ΧΑΜἮ.
2284 1756 2600 1827 Quomodo

298 1845 477 1926 igitur
519 1850 913 1927 quaestionem
948 1850 1276 1923 exercebis,
1326 1861 1394 1911 ut
1436 1870 1544 1930 par
1603 1848 1735 1909 est?
1817 1850 1997 1911 AEAc.
2043 1850 2258 1913 Facile.
2339 1850 2600 1913 Alternis

299 1938 513 2019 plagas
572 1941 897 2023 accipietis.
980 1944 1248 2007 Xan-m.
1308 1943 1497 2004 Recte
1545 1954 1840 2003 autumas.
1924 1942 2099 2015 Ecce,
2141 1954 2346 2023 specta
2378 1963 2454 2003 an
2502 1961 2600 2003 me

294 2030 501 2093 videas
528 2036 908 2095 commoveri.
992 2035 1173 2096 AEAc.
1198 2036 1234 2096 J
1242 2055 1335 2095 am
1362 2036 1625 2116 percussi
1650 2045 1727 2095 te.
1815 2038 2085 2095 XANTH.
2115 2035 2358 2097 Minime
2378 2034 2599 2097 hercle.

296 2124 482 2187 AEncs
522 2126 673 2187 Nec·
708 2126 847 2187 mihi
902 2127 1117 2188 videris
1177 2128 1460 2189 sensisse.
1547 2127 1668 2189 Sed
1721 2127 1984 2190 adhunc
2031 2129 2127 2188 ibo
2167 2137 2228 2189 et
2271 2126 2597 2209 percutiam

294 2237 453 2278 eum.
538 2220 790 2282 Bacca.
836 2221 1092 2290 Quando
1121 2221 1409 2282 tandem?
1451 2222 1843 2302 AEAc.,Atqui
1862 2223 1988 2299 jam
2011 2221 2298 2301 percussi.
2341 2222 2596 2283 Bacca.

297 2312 615 2381 Quomodo
640 2332 782 2395 ergo
810 2334 931 2377 non
960 2314 1328 2376 sternutavi?
1410 2315 1590 2377 AEAc.
1621 2314 1875 2377 Nescio:
1921 2315 2078 2377 hunc
2101 2301 2300 2375 rursus
2329 2315 2596 2375 tentabo.

298 2406 571 2467 Xan-nr.
616 2408 832 2469 Nonne
858 2408 1035 2486 igitur
1055 2408 1447 2489 properabis?
1533 2409 1806 2469 Iattatoe!
1891 2408 2070 2469 ΕΛΘ.
2117 2408 2274 2491 Quid
2319 2407 2432 2469 sibi
2471 2406 2600 2470 volt

294 2496 413 2558 hoc
436 2500 727 2561 iaetatae?
766 2494 908 2562 num
948 2500 1190 2562 doluit?
1275 2502 1545 2563 Xan-ru.
1592 2502 1728 2561 Non
1769 2500 1988 2561 hercle.
2073 2499 2212 2565 Sed.
2237 2501 2596 2580 cogitabam,

294 2590 540 2669 quando
599 2576 951 2655 Dio'menses
1014 2594 1287 2655 Herculis
1343 2594 1560 2655 festum
1608 2594 1928 2655 celebrant.
2029 2594 2210 2655 AEac.
2281 2594 2600 2653 Hominem

294 2684 678 2765 religiosum!
736 2685 853 2747 huc
899 2706 1101 2749 rursus
1154 2686 1434 2749 eundum.
1508 2686 1769 2749 Bacca.
1815 2686 1953 2757 Hei,
1997 2686 2128 2748 hei!
2212 2686 2391 2747 AEnc.
2433 2684 2598 2754 Quid

294 2788 405 2838 est.
492 2778 743 2842 Bacca.
816 2780 1057 2860 Equites
1110 2778 1309 2842 video.
1391 2781 1572 2841 AEac.
1643 2780 1802 2850 Quid
1851 2780 2052 2859 itaque
2097 2778 2248 2839 fles?
2346 2778 2596 2839 Bacen-

297 2871 499 2951 Cepas
554 2872 795 2934 olfacio.
880 2874 1059 2935 AEnc.
1118 2874 1287 2935 Itane
1342 2875 1588 2935 verbera
1640 2872 1807 2932 nihili
1865 2870 2057 2933 facis?
2138 2870 2386 2933 Bacca.
2432 2870 2600 2931 Nihil

296 2984 459 3028 euro.
545 2966 725 3028 AEac.
770 2966 1047 3029 Eundum
1066 2967 1243 3046 igitur
1274 2975 1367 3028 est
1394 2966 1472 3027 ad
1494 2967 1654 3027 hunc
1681 2985 1906 3027 rursus.
1978 2967 2247 3025 Xan-ru.
2277 2964 2395 3025 Hei
2421 2962 2598 3023 mihil

295 3058 473 3119 AEnc.
517 3059 677 3127 Quid
702 3060 847 3120 est?
928 3062 1199 3122 Xanrn.
1244 3062 1487 3143 Spinam
1537 3060 1692 3121 hanc
1732 3058 1874 3119 mihi
1919 3060 2129 3149 eximes.
2212 3058 2393 3118 AEAc.
2434 3050 2598 3124 Quid.

292 3150 408 3213 hoc
424 3152 513 3213 rei
540 3152 683 3213 est?
736 3153 855 3215 huc
880 3174 1083 3215 rursus
1113 3155 1396 3215 eundum.
1520 3153 1771 3215 Bacca.
1800 3151 2042 3231 Apollo,
2085 3153 2190 3231 qui
2215 3150 2390 3230 forle
2435 3168 2596 3212 nuno

296 3244 521 3309 Delam
570 3253 679 3307 aui
724 3248 991 3327 Delphos
1034 3248 1329 3309 incolis-—
1409 3248 1678 3306 anrn.
1723 3243 2004 3305 Indoluit.
2088 3244 2302 3303 Nonne
2356 3241 2598 3303 vidisti?

295 3334 549 3401 Bacca.
591 3339 773 3399 Haud
815 3360 929 3419 ego
970 3339 1260 3419 quidem:
1302 3357 1440 3397 uam
1488 3338 1670 3396 iambi
1723 3334 2116 3414 Hipponactis
2159 3335 2594 3396 reminiscebar.

293 3433 566 3495 Xsnm.
611 3432 883 3511 Namque
929 3432 1073 3491 nihil
1097 3431 1319 3491 efficis:
1370 3428 1478 3491 sed
1506 3428 1609 3489 ilia
1627 3425 1818 3487 caede.
1901 3428 2081 3489 AEAc.
2123 3428 2288 3487 Nihil
2331 3426 2596 3507 profecto

292 3524 508 3585 efficio.
593 3524 715 3585 Sed
761 3525 888 3603 jam
943 3524 1141 3602 praebe
1196 3534 1479 3583 ventrem.
1566 3519 1816 3580 Bacca.
1889 3520 2244 3598 Neptune—
2323 3522 2593 3581 Xan-rri-

296 3616 567 3679 Induluit
590 3635 909 3677 nonnemo.
992 3616 1237 3675 Bacca.
1287 3616 1410 3685 Qui
1438 3612 1621 3693 AEgei
1650 3614 2066 3691 promontoria
2114 3622 2295 3688 tenes,
2336 3622 2444 3675 aut
2479 3634 2600 3679 ατε

292 3710 455 3769 vilei
472 3728 699 3790 regnas
724 3711 911 3769 maris
936 3709 1299 3788 infundo-
1362 3706 1542 3767 AEAC.
1574 3706 1957 3785 Neutiquam,
1987 3705 2069 3765 ita
2085 3726 2176 3767 me
2206 3707 2388 3769 Ceres
2417 3717 2594 3782 amet,

290 3820 659 3881 cognoscere
685 3820 951 3881 possum,
979 3814 1111 3861 uter
1138 3810 1398 3862 vestrum
1430 3801 1505 3859 sit
1554 3798 1723 3860 deus.
1807 3798 1926 3859 Sed
1984 3797 2396 3879 ingredimini:
2453 3820 2596 3861 nam

289 3892 479 3957 herus
500 3896 631 3974 ipse
648 3913 769 3955 vos
799 3904 1144 3974 cognoscet,
1172 3903 1233 3955 et
1282 3892 1657 3971 Proserpina,
1701 3911 1884 3969 quum
1935 3892 2055 3951 sint
2097 3894 2180 3953 dii
2235 3893 2351 3974 ipsi
2394 3895 2594 3956 etiam.

292 3984 547 4049 Bacca.
592 3987 781 4047 Recte
810 3998 1105 4048 autumas.
1184 3984 1415 4047 Vellem
1445 3994 1642 4045 autem
1683 3984 1800 4045 hoc
1849 3995 1906 4045 te
1944 3986 2106 4064 prius
2155 3985 2391 4060 fecisse,
2431 3996 2598 4048 ante-

288 4098 477 4158 quam
500 4078 717 4160 plagas
737 4080 1093 4161 acciperem.
1178 4080 1396 4142 Cnon.
1435 4078 1532 4137 Ad
1563 4096 1762 4139 sacros
1809 4076 2022 4139 choros
2072 4078 2238 4154 ades,
2289 4080 2491 4155 Musa,
2534 4091 2598 4143 et

290 4171 459 4247 veni,
470 4182 551 4233 *ut
571 4172 881 4235 delecteris
909 4173 1167 4235 carmine
1193 4192 1348 4245 meo,
1372 4170 1572 4233 visura
1599 4190 1972 4239 numerosam
2005 4172 2356 4255 populorum
2394 4175 2596 4236 multi·-

289 4264 589 4337 tudinem,
632 4266 735 4327 ubi
776 4265 1081 4345 sapientias
1118 4266 1440 4328 innumerae
1470 4264 1705 4337 sedent,
1733 4265 2163 4327 ambitiosiores
2201 4266 2595 4346 Cleophonte,

282 4356 557 4437 cujuslin
570 4358 761 4421 labris
786 4360 1037 4440 garrulis
1066 4360 1276 4421 acerbe
1302 4358 1497 4424 fremit
1522 4357 1774 4420 Thracia
1800 4358 2076 4432 hirundo,
2121 4378 2297 4441 super
2344 4359 2596 4420 barbaro

286 4448 435 4535 folio
460 4450 809 4539 seqnitans:
860 4463 1063 4539 cantat
1088 4462 1285 4521 autem
1308 4450 1564 4533 ‚lugubre
1590 4451 1862 4519 lusciniae
1889 4472 2148 4528 carmen,
2176 4464 2244 4515 ut
2269 4451 2348 4515 sit
2377 4452 2604 4535 peritus
