3059 5059
524 350 637 409 136
1268 338 2072 401 ARISTOPHANIS
2369 342 2782 420 [1050—-1116

518 478 587 540 sa·
610 496 743 537 vero
768 477 907 559 quis
927 472 1181 555 expellat
1208 472 1622 551 magistram,
1651 490 1830 551 neque
1855 472 2108 551 recipiat
2131 467 2448 531 secundnm
2481 468 2786 549 prason-ip-

513 577 640 631 tum
666 570 851 631 edicti
875 570 943 629 in
968 566 1317 629 columna—
1397 563 1630 624 Prsrn.
1675 563 1784 623 Voe
1813 562 1954 623 mihi
1991 562 2245 625 misero!
2289 562 2455 621 Tune
2495 562 2666 625 etiam
2699 561 2788 621 hic

512 682 645 723 eras
692 659 937 721 adhuc?
1049 659 1184 719 Ius.
1240 656 1598 737 Disperdam
1653 668 1734 730 te,
1789 666 1852 717 et
1905 656 2102 718 dicam
2151 656 2258 715 tibi
2309 654 2514 715 decem
2559 652 2790 715 millium

513 753 927 816 drachmarum
982 749 1197 811 scribo.
1304 748 1538 809 Pisa-11.
1595 748 1726 827 Ego
1775 768 1916 809 vero
1971 758 2108 809 tuas
2167 766 2346 808 urnas
2395 747 2790 809 comminuam.

516 847 659 910 Ius.
706 844 1094 907 Meministin'
1115 852 1183 903 ut
1236 841 1374 903 olim
1432 840 1724 921 publicam
1775 842 2113 902 columnam
2167 840 2398 921 vesperi
2453 838 2792 903 concacasti.

512 937 744 1001 Ptsrn.
776 938 1071 1009 Ehodum,
1098 934 1313 1015 aliquis
1332 934 1497 995 illum
1535 933 2016 1013 cmnprehendat.
2101 934 2270 995 Heus
2298 944 2389 1007 tu,
2435 953 2556 995 non
2603 950 2792 995 mane-

508 1030 649 1093 bis?
748 1032 899 1092 Sec.
950 1028 1107 1089 Hinc
1162 1048 1271 1089 nos
1316 1046 1687 1109 prepropere
1743 1025 2166 1107 digrediamur,
2213 1025 2440 1086 hircum
2491 1024 2648 1085 intus
2687 1023 2792 1083 diis

511 1123 918 1186 sacrificaturi.
1014 1123 1177 1183 San.
1206 1121 1341 1181 Jam
1376 1138 1536 1181 nunc
1585 1119 1728 1180 mihi
1783 1129 2002 1180 cuncta
2046 1117 2426 1198 adspicienti,
2477 1126 2793 1195 cunctaque

509 1217 739 1295 regenti
766 1214 1045 1279 mortales
1094 1233 1303 1275 omnes
1350 1230 1525 1273 sacra
1551 1211 1771 1273 facient
1817 1212 2029 1272 votivis
2079 1210 2372 1293 precibus.
2459 1209 2794 1271 Universum

509 1309 667 1370 enim
696 1318 907 1369 terram
950 1306 1221 1385 inspicio,
1248 1316 1311 1366 et
1348 1324 1638 1367 conservo
1677 1306 1830 1365 bene
1867 1305 2147 1365 florentes
2186 1304 2440 1375 fructus,
2469 1301 2794 1363 interimens

510 1400 891 1481 omnigenum
916 1418 1134 1480 genera
1161 1396 1521 1469 animalium,
1551 1406 1699 1476 quoe‘
1714 1397 1912 1457 omnia
1937 1396 1996 1456 in
2027 1408 2180 1459 terra
2207 1415 2282 1457 ex
2320 1395 2534 1475 calyce
2573 1414 2798 1476 proger-

510 1492 797 1555 minantia
841 1512 943 1553 ore
988 1490 1212 1563 voraci,
1257 1488 1680 1568 arboribusque
1719 1488 2060 1563 insidentia,
2101 1489 2332 1551 fructus
2373 1487 2796 1568 depascuntur:

508 1584 717 1647 itidem
743 1584 1017 1657 conficio,
1062 1602 1199 1663 quoe
1246 1582 1449 1642 hortos
1496 1579 1779 1641 odoratos
1827 1591 2211 1663 corrumpunt
2253 1580 2532 1661 pessimis
2575 1578 2796 1645 modis:

514 1674 863 1758 reptiliaque
890 1686 951 1737 et
991 1675 1171 1735 noxia
1198 1685 1487 1735 venenato
1512 1692 1736 1745 morsu,
1765 1684 2056 1754 quantum
2084 1692 2288 1735 eorum
2329 1683 2448 1749 est,
2487 1674 2547 1733 vi
2587 1672 2798 1733 alarum

512 1790 775 1831 mearum
805 1768 1209 1831 internecione
1236 1776 1505 1846 pereunt.
1549 1767 1770 1827 Onon.
1803 1767 1935 1827 Hac
1957 1767 2208 1829 maxime
2229 1766 2326 1826 die
2347 1786 2456 1847 per
2479 1783 2800 1847 praeconem

513 1862 967 1944 promulgatur:
1014 1861 1066 1921 si
1094 1859 1229 1939 quis
1254 1868 1517 1920 vestrum
1552 1858 1874 1939 Diagoram
1903 1860 2218 1921 interficiat
2247 1846 2524 1932 Melium,
2565 1857 2802 1938 accipiet

513 1956 802 2017 talentum
828 1952 1071 2015 :itidem
1094 1953 1145 2013 si
1172 1951 1586 2012 defunctorum
1615 1961 1998 2032 tyrannorum
2027 1953 2366 2033 quempiam
2393 1951 2530 2031 quis
2557 1949 2802 2019 occidat,

512 2046 800 2109 talentum
828 2046 1102 2125 accipiet.
1186 2043 1315 2105 Nos
1336 2044 1515 2123 igitur
1543 2044 1722 2105 etiam
1742 2043 1859 2105 ista
1885 2064 2045 2105 nunc
2085 2044 2184 2105 hic
2225 2043 2608 2125 promulgare
2647 2040 2802 2101 volu·

512 2159 683 2201 mus:
732 2139 784 2199 si
832 2138 967 2219 quis
1012 2148 1273 2199 vestrum
1318 2136 1716 2198 Philocratem
1763 2137 2046 2223 occiderit
2113 2137 2470 2209 Struthium,
2525 2136 2802 2197 talentum

515 2232 802 2311 accipiett
836 2232 925 2291 sin
948 2232 1143 2293 vivum
1172 2229 1508 2303 adduxerit,
1529 2242 1824 2311 quatuor;
1855 2230 1998 2311 quia
2024 2230 2274 2311 frigillas
2315 2231 2639 2312 colligans,
2679 2248 2802 2308 sep·

514 2330 691 2387 teno‘s
718 2324 895 2385 obolo
922 2322 1163 2391 vendin
1223 2321 1432 2383 turdos
1464 2322 1670 2383 itidem
1700 2324 1948 2383 sufflans
1975 2322 2172 2403 palam
2201 2324 2494 2399 ostendit,
2521 2334 2586 2385 et
2621 2321 2804 2400 indig-

514 2438 591 2479 ne
611 2417 832 2484 haben
861 2414 1101 2477 merulis
1122 2416 1301 2477 etiam
1328 2416 1388 2475 in
1418 2434 1592 2476 nares
1625 2416 1886 2477 immittit
1913 2435 2180 2496 pennas:
2233 2416 2628 2497 similiterque
2655 2434 2804 2475 com-

513 2512 843 2592 prehensas
871 2509 1176 2571 columbas
1204 2509 1385 2569 habet
1432 2508 1718 2581 inclusas,
1767 2508 2036 2589 aliasque
2069 2510 2234 2590 cogit
2275 2528 2422 2571 aves
2473 2508 2712 2582 illicere,
2749 2508 2806 2567 in

514 2603 627 2665 reti
665 2603 979 2683 deligatas.
1064 2602 1213 2663 Haec
1261 2601 1563 2681 publicare
1607 2601 1918 2664 volumus:
1967 2613 2032 2663 et
2073 2602 2124 2663 si
2171 2602 2314 2683 quid
2359 2613 2630 2665 vestrum
2676 2618 2807 2662 aves

516 2694 642 2757 alat
665 2695 983 2757 conclusas
1010 2694 1071 2754 in
1098 2695 1319 2769 caveis,
1347 2694 1638 2756 edicimus
1665 2704 1734 2755 ut
1759 2692 2108 2763 dimittatis:
2165 2694 2332 2775 quod
2361 2697 2415 2755 si
2443 2714 2668 2758 morem
2697 2714 2809 2755 non

514 2788 840 2871 gesseritis,
867 2806 977 2849 vos
1005 2789 1081 2849 ab
1107 2788 1314 2849 avibus
1338 2787 1750 2870 comprehensi
1767 2786 2016 2849 invicem
2045 2787 2206 2869 apud
2237 2807 2346 2850 nos
2381 2789 2596 2863 vincti,
2635 2788 2811 2849 illices

515 2882 700 2945 eritis.
784 2864 949 2944 San.
1001 2880 1058 2940 Ο
1102 2880 1459 2943 fortunatam
1505 2880 1834 2943 volucrium
1883 2890 2122 2960 gentem
2161 2883 2386 2955 avium,
2441 2904 2586 2964 qum
2631 2881 2814 2943 hieme

512 2976 685 3037 loenis
726 2975 961 3036 amictm
980 2994 1101 3037 non
1146 2987 1323 3037 sunt:
1378 2993 1572 3055 neque
1613 2992 1812 3035 rursus
1853 2973 2050 3037 calore
2090 2994 2202 3037 nos
2239 2986 2431 3038 urunt
2473 2986 2664 3037 oestus
2703 2975 2814 3035 late

514 3067 963 3149 resplendentes
992 3067 1175 3129 radii:
1232 3067 1341 3131 sed
1368 3068 1578 3129 florida
1605 3086 1711 3147 per
1737 3076 1910 3147 prata
1935 3066 2204 3131 foliorum
2233 3070 2295 3129 in
2321 3070 2576 3150 gremiis
2603 3068 2815 3139 incolo,

516 3157 758 3239 quando
784 3159 1123 3221 meridianis
1171 3160 1315 3221 solis
1369 3161 1675 3223 ardoribus
1733 3160 1950 3221 furiata
2003 3161 2256 3223 stridula
2307 3174 2489 3225 vates
2540 3172 2814 3243 argutum

516 3262 755 3315 resonat
808 3250 1037 3313 melos:
1095 3251 1349 3313 hiemem
1402 3272 1544 3314 vero
1598 3252 1866 3333 transigo
1905 3254 2064 3316 cavis
2121 3255 2182 3320 iu
2232 3256 2448 3331 antris,
2507 3254 2816 3319 colludens

516 3344 810 3427 Nymphis
851 3344 1223 3415 monticolis3
1276 3364 1608 3426 vernasque
1651 3344 2026 3426 depascimur
2071 3348 2372 3429 virgineas
2409 3361 2478 3411 et
2531 3346 2816 3413 candidas

514 3439 693 3519 myrti
741 3438 976 3512 baccas,
1029 3435 1484 3519 Gratiarumque
1553 3439 1847 3500 hortulos.
1929 3440 2146 3502 Cnoa.
2210 3440 2540 3505 Judicibus
2599 3440 2818 3522 aliquid

516 3531 710 3593 dicere
738 3530 1009 3592 volumus
1038 3531 1115 3592 de
1144 3530 1409 3603 victoria,
1434 3552 1616 3613 quam
1638 3534 1689 3593 si
1739 3532 1910 3593 nobis
1955 3532 2452 3615 adjudicaverint,
2505 3536 2582 3597 iis
2635 3532 2820 3596 omni-

515 3625 629 3685 bus
654 3625 813 3684 bona
838 3624 1174 3704 largiemur,
1201 3624 1285 3685 ita
1305 3634 1373 3685 ut
1395 3624 1558 3686 dona
1585 3625 1880 3706 accipiant
1905 3626 2091 3688 multo
2131 3628 2370 3709 majoris
2417 3628 2604 3709 preti,
2645 3646 2822 3709 quam

514 3715 617 3777 illa
645 3716 845 3777 Paridi
871 3716 1035 3777 data.
1117 3716 1379 3777 Primum
1409 3717 1612 3798 igitur,
1639 3717 1810 3799 cujus
1835 3719 1915 3781 rei
1945 3720 2198 3781 maxime
2218 3721 2416 3782 omnis
2433 3721 2636 3801 judex
2659 3718 2820 3799 cupi·

516 3808 631 3870 dus
656 3819 770 3883 est,
790 3820 1028 3871 noctuae
1046 3829 1351 3890 nunquam
1373 3830 1481 3872 vos
1512 3810 1841 3873 destituent
1868 3812 2238 3886 Laurioticoe,
2281 3813 2394 3875 sed
2439 3814 2612 3877 intus
2655 3812 2824 3874 inha-

514 3902 809 3975 bitabunt,
836 3902 983 3963 etin
1010 3903 1323 3985 marsupiis
1351 3905 1562 3965 vestris
1601 3903 2011 3979 nidificabunt,
2057 3904 2508 3987 excludentque
2560 3908 2822 3969 minutos

516 3994 874 4057 nummulos.
956 3995 1253 4058 Proeterea
1278 4006 1563 4079 tanquam
1584 3998 1644 4058 iu
1674 3997 1908 4077 templis
1947 3997 2329 4061 habitabitis:
2387 3999 2628 4061 oedium
2667 4001 2826 4063 enim

514 4097 839 4149 vestrarum
866 4090 1036 4151 tectis
1064 4088 1279 4169 pinnas
1301 4090 1615 4153 addemus.
1700 4092 1779 4151 Et
1806 4091 1856 4151 si
1884 4092 2034 4153 forte
2061 4094 2183 4173 apti
2222 4090 2459 4155 fueritis
2503 4093 2826 4175 magistra-

514 4192 664 4256 tum,
682 4190 746 4243 et
768 4180 914 4263 quid
942 4182 1229 4263 surripere
1254 4183 1579 4260 volueritis,
1605 4182 1856 4245 celerem
1897 4185 2064 4247 vobis
2107 4186 2168 4245 in
2209 4205 2428 4247 manus
2473 4188 2828 4267 accipitrem

512 4273 805 4337 dabimus.
890 4274 953 4334 Si
981 4294 1119 4335 vero
1156 4275 1356 4358 aliquo
1406 4276 1485 4337 ad
1530 4295 1763 4339 coenam
1810 4278 1979 4354 eatis,
2025 4278 2202 4360 gulas
2257 4278 2434 4341 vobis
2495 4280 2828 4341 mittemus.

516 4366 622 4431 Sin
640 4367 941 4433 victoriam
968 4369 1141 4431 nobis
1170 4370 1544 4452 abjudicatis,
1565 4381 1770 4433 curate
1797 4372 1966 4435 vobis
1991 4372 2229 4437 lunulas
2271 4372 2654 4449 fabricarier,
2701 4383 2833 4435 tan-
