3059 5059
306 363 653 462 ηεξ-ποτ]
1323 381 1377 442 A
1394 381 1447 439 v
1470 381 1521 442 Ε
1541 381 1606 444 s,
1963 413 1972 424 ·
2491 383 2596 446 121

294 512 406 572 vis.
490 507 767 573 Graecam
794 527 935 572 vero
962 512 1166 574 urbem
1189 509 1455 574 habesne
1480 511 1654 574 nobis
1705 511 2010 574 indicare?
2097 514 2208 576 ΕΡ.
2252 511 2475 584 Quidni
2523 515 2606 576 ad

294 605 509 666 Eleum
570 605 857 686 Lepi-eum
930 603 1313 668 incolendum
1361 603 1677 687 migratis?
1759 606 1968 670 Eum..
1999 606 2180 680 Quia,
2235 607 2320 668 ita
2364 627 2460 669 me
2509 605 2608 669 Dii
2675 673 2688 684 ‚

292 709 520 771 ament,
561 699 677 760 etsi
706 717 827 759 non
858 697 1125 773 viderim,
1154 698 1460 760 abominor
1486 711 1684 760 tamen
1717 698 2028 779 Lepreum,
2070 698 2363 760 Melanthi
2402 719 2608 764 causa.

290 790 411 850 ΕΡ.
442 791 630 870 Atqui
655 790 751 850 alii
784 790 989 870 utique
1052 801 1195 852 sunt
1252 791 1519 852 Locridis
1577 790 1846 872 Opuntii,
1901 792 2002 852 ubi
2050 791 2363 852 commode
2410 802 2609 871 potest

290 881 570 944 habitari.
655 884 865 944 Eunt..
898 883 1191 963 Equidem
1220 903 1360 946 vero
1389 882 1690 963 Opuntius
1715 895 1784 943 ut
1807 885 1968 954 fiam,
1996 884 2124 945 auri
2151 884 2440 945 talentum
2483 905 2606 946 nou

290 993 576 1036 meream.
661 978 743 1035 At
764 974 897 1036 haec
918 995 1055 1036 cum
1085 977 1293 1037 avibus
1323 976 1517 1056 qualis
1561 986 1661 1036 est
1703 976 1870 1036 vita?
1930 979 2094 1038 Istuc
2143 975 2302 1038 enim
2341 987 2408 1037 tu
2449 979 2610 1040 nosti

290 1076 597 1130 accurate.
684 1067 799 1128 ΕΡ.
828 1069 971 1130 Non
992 1068 1319 1148 injucunda
1356 1068 1613 1148 degere:
1673 1070 1898 1150 quippe
1937 1071 2040 1130 ubi
2084 1071 2333 1150 primum
2373 1081 2610 1152 oportet

286 1160 491 1221 vivere
514 1163 645 1223 sine
666 1162 987 1242 marsupio.
1018 1162 1225 1222 Eum..
1252 1161 1507 1222 Multam
1533 1181 1678 1222 sane
1701 1183 1736 1223 e
1761 1163 1884 1224 vita
1905 1163 2206 1224 abstulisti
2234 1163 2608 1246 depravatio·

288 1271 452 1314 nem.
520 1254 633 1314 ΕΡ.
677 1254 1067 1336 Depascimur
1094 1266 1292 1315 autem
1319 1255 1377 1314 in
1395 1254 1586 1315 hortis
1609 1255 1749 1316 alba
1765 1274 2024 1332 sesama,
2050 1255 2344 1338 myrtique
2364 1257 2608 1332 baccas,

290 1356 357 1407 et
402 1365 689 1426 papaver,
716 1358 779 1408 et
816 1346 1153 1428 sisymbria.
1238 1347 1446 1408 Eum..
1476 1348 1602 1408 Vos
1629 1347 1810 1428 igitur
1835 1347 2031 1410 vivitis
2059 1369 2264 1412 recens
2291 1361 2610 1430 nuptorum

286 1440 501 1502 vitam.
596 1439 826 1502 Pis-ru.
874 1441 1027 1514 Heu,
1073 1441 1231 1502 heu!
1279 1441 1554 1521 profecto
1609 1459 1890 1522 magnum
1947 1440 2120 1504 video
2173 1443 2490 1505 consilium
2545 1444 2608 1505 iu

288 1534 493 1595 avium
518 1545 718 1614 gente,
740 1545 805 1596 et
819 1535 1167 1616 potentiam,
1196 1553 1333 1614 quae
1355 1534 1645 1596 exsistere
1671 1536 1883 1616 possit,
1911 1536 1962 1595 si
1991 1535 2134 1597 mihi
2163 1537 2605 1620 obtemperetis·

289 1626 413 1688 ΕΡ.
471 1626 635 1695 Quid
678 1628 783 1689 tibi
839 1626 1362 1708 obtemperemus?
1446 1627 1679 1688 Pis-rn-
1732 1625 1893 1697 Quid
1940 1627 2084 1688 mihi
2139 1629 2606 1711 obtemperetis?

286 1719 561 1781 Primum
595 1720 834 1801 quidem
863 1741 938 1782 ne
966 1720 1401 1782 circumvoletis
1430 1739 1882 1801 quoquoversus
1919 1739 2022 1782 ore
2061 1721 2286 1797 hiante,
2329 1724 2474 1802 quia
2511 1743 2608 1786 res

286 1821 391 1874 est
416 1814 593 1874 istaec
636 1813 935 1875 indecora.
996 1813 1174 1883 Quod
1204 1826 1273 1874 ut
1300 1825 1655 1894 argumento
1683 1812 1790 1874 tibi
1821 1814 2154 1887 ostendam,
2179 1835 2256 1876 en
2285 1816 2408 1878 illic
2449 1817 2610 1898 apud

286 1925 407 1966 uos
438 1905 491 1966 si
518 1906 651 1986 quis
680 1905 759 1967 de
780 1907 1262 1967 inconstantibus
1289 1906 1429 1980 illis,
1456 1926 1610 1987 quos
1650 1907 1900 1968 volitare
1941 1906 2220 1981 dicimus,
2263 1906 2609 1989 interroget,

294 1999 592 2072 Οιωηαη
618 2007 707 2060 est
736 1999 863 2060 haec
890 1999 1053 2060 avis?
1080 1998 1293 2059 Teleas
1321 1998 1453 2060 haec
1474 1998 1679 2061 dicet:
1739 2001 1935 2062 Homo
1961 2007 2050 2060 est
2071 2001 2394 2075 instabilis,
2435 2004 2610 2065 imo

288 2095 425 2154 avis
451 2092 731 2165 volitans,
757 2113 931 2174 vago,
959 2093 1187 2154 nullum
1228 2112 1483 2173 unquam
1520 2100 1870 2154 nomentum
1909 2095 1977 2153 in
2011 2093 2207 2156 eodem
2239 2113 2609 2174 permanens.

294 2185 413 2246 ΕΡ.
459 2186 553 2245 Ita
572 2204 667 2246 me
697 2184 972 2247 Bacchus
1000 2195 1181 2259 amet,
1211 2195 1369 2246 recte
1394 2184 1513 2246 ista
1549 2184 1767 2267 carpis.
1850 2184 2012 2254 Quid
2053 2186 2235 2266 igitur
2274 2187 2607 2248 faciamus!

290 2277 541 2340 Pis-m.
570 2277 830 2339 Condito
849 2297 1031 2340 uuam
1078 2279 1301 2340 urbem.
1386 2276 1499 2340 ΕΡ.
1545 2275 1800 2347 Qualem
1835 2287 2033 2340 autem
2086 2278 2418 2342 condamus
2456 2283 2606 2344 ‘aves

294 2369 554 2432 urbem?
637 2371 869 2432 Prsoen.
915 2372 1085 2432 Itane
1106 2369 1289 2432 vero?
1332 2391 1369 2432 o
1387 2371 1834 2432 sinisterrimum
1850 2372 2161 2453 prolocute
2191 2373 2470 2434 verbum!
2499 2372 2606 2436 de·

292 2464 465 2544 spice
487 2462 785 2525 deorsum.
829 2463 945 2524 ΕΡ.
966 2463 1279 2526 Enimvero
1302 2462 1590 2546 despicio.
1632 2463 1866 2526 P1s1-n.
1887 2465 2150 2556 Adspice
2168 2484 2330 2526 nunc
2347 2485 2606 2527 sursum.

292 2559 413 2620 ΕΡ.
446 2557 755 2640 Adspicio.
797 2558 1031 2620 Pam.
1063 2557 1417 2636 Circumage
1440 2556 1686 2620 collum.
1730 2558 1846 2619 ΕΡ.
1873 2557 1988 2620 Nae
2016 2557 2218 2620 hercle
2247 2577 2444 2638 operoe
2473 2578 2609 2639 pre-

292 2651 449 2714 tium
472 2653 687 2725 fecero,
710 2652 762 2712 si
782 2651 999 2712 collum
1022 2649 1446 2730 distorqueam.
1477 2651 1713 2712 Pisa-n.
1729 2649 2024 2712 Vidistine
2044 2651 2230 2732 quid?
2256 2651 2373 2714 ΕΡ.
2396 2650 2606 2713 Nubes

294 2742 581 2826 equidem
610 2755 674 2806 et
698 2745 933 2805 coelum.
1019 2743 1255 2804 Pisoeu.
1285 2744 1499 2803 Nonne
1524 2743 1623 2804 hic
1663 2762 1803 2804 vero
1827 2754 1923 2803 est
1962 2743 2160 2804 avium
2185 2743 2406 2825 polus?
2490 2745 2606 2806 ΕΡ.

299 2837 533 2900 Polus!
562 2857 681 2918 quo
704 2836 925 2918 pacto?
969 2836 1201 2898 szrn.
1227 2836 1315 2897 Ac
1346 2835 1396 2895 si
1424 2833 1560 2917 quis
1586 2835 1831 2910 diceret,
1861 2835 2044 2898 ὶοοω.
2087 2836 2386 2906 Quoniam
2407 2847 2608 2898 autem

299 2931 454 2992 illud
474 2931 947 3005 circumrotatur,
962 2942 1022 2991 et
1044 2930 1257 2991 transit
1277 2949 1379 3009 per
1402 2929 1622 3002 omnia,
1639 2939 1952 3010 propterea
1971 2937 2217 2990 vocatur
2231 2929 2431 3008 polus.
2476 2929 2608 2991 Illic

304 3036 507 3085 autem
526 3024 577 3084 si
592 3027 796 3085 urbem
817 3022 1223 3096 condideritis,
1236 3033 1299 3083 et
1315 3033 1485 3104 septo
1504 3023 1691 3084 semel
1711 3021 2239 3096 circumdederitis,
2255 3040 2329 3082 ex
2350 3021 2454 3084 illo
2468 3022 2609 3103 polo

298 3117 710 3178 nominabitur
734 3117 904 3177 urbs:
934 3137 1053 3197 quo
1070 3117 1231 3177 facto
1250 3115 1590 3176 bominibus
1613 3114 1998 3196 imperabitis,
2018 3115 2106 3176 uti
2127 3114 2410 3184 locustis;
2441 3114 2606 3195 ipsos

302 3220 503 3270 autem
529 3209 677 3270 deos
704 3209 1003 3290 perimetis
1054 3210 1209 3269 fame
1256 3207 1467 3270 Melia.
1551 3209 1663 3270 ΕΡ.
1694 3207 2005 3279 Quidum?
2087 3207 2319 3268 Pisrn.
2367 3207 2436 3266 ln
2481 3227 2607 3269 me-

302 3301 406 3363 dio
434 3301 709 3364 nimirum
740 3305 891 3364 situs
920 3309 1020 3362 aer
1046 3312 1263 3364 terram
1304 3301 1446 3362 hinc
1496 3301 1908 3364 disterminat:
1955 3309 2102 3374 tum,
2149 3300 2329 3364 sicuti
2377 3319 2512 3374 nos,
2557 3300 2610 3362 si

300 3396 383 3456 ire
414 3395 667 3458 velimus
710 3395 1009 3477 Delphos,
1052 3395 1295 3457 Boeotos
1338 3396 1650 3456 transitum
1699 3411 2002 3474 rogamus,
2051 3394 2318 3456 similiter
2361 3391 2608 3474 quando

306 3490 731 3550 sacrificabunt
757 3488 1025 3550 homines
1047 3489 1185 3562 diis,
1212 3490 1325 3550 nisi
1346 3489 1604 3568 vectigal
1624 3488 1798 3549 vobis
1825 3487 2096 3569 pendant
2123 3488 2228 3561 dii,
2256 3507 2361 3567 per
2399 3489 2606 3549 urbem

302 3583 563 3643 alienam
592 3593 967 3662 vestrumque
996 3581 1199 3643 Chaos
1242 3584 1527 3644 femorum
1571 3582 1902 3643 oblatorum
1945 3580 2208 3641 nidorem
2247 3600 2366 3640 non
2407 3593 2603 3642 trans-

304 3676 573 3736 mittetis.
634 3677 747 3737 ΕΡ.
777 3677 911 3749 lou,
939 3676 1037 3736 iou
1062 3681 1080 3737 l
1132 3676 1373 3737 Terram
1402 3678 1692 3748 obtestor,
1719 3672 2050 3753 decipulas,
2079 3673 2330 3734 nebulas
2357 3684 2418 3732 et
2437 3674 2606 3749 retia,

304 3769 468 3830 haud
494 3787 612 3850 ego
656 3781 1055 3830 commentum
1102 3769 1361 3849 lepidius
1411 3768 1611 3830 audivi
1669 3786 1955 3847 unquam,
2006 3765 2159 3828 adeo
2213 3778 2282 3826 ut
2335 3767 2607 3827 lubenter

304 3877 501 3924 tecum
518 3861 776 3924 condere
803 3882 1077 3942 cuperem
1106 3862 1262 3922 hanc
1288 3862 1510 3934 urbem,
1536 3861 1585 3920 si
1607 3861 1762 3920 idem
1795 3858 1988 3918 visum
2017 3859 2192 3918 suerit
2229 3859 2441 3920 ceteris
2482 3859 2606 3919 avi-

306 3958 441 4018 bus.
558 3955 788 4015 Pisnt.
838 3956 989 4025 Quis
1048 3956 1227 4035 igitur
1282 3975 1414 4014 eam
1473 3974 1597 4013 rem
1652 3953 1800 4033 ipsis
1856 3951 2160 4033 exponat?
2262 3953 2374 4012 ΕΡ.
2428 3952 2604 4014 Tute.

312 4049 441 4129 Ego
470 4049 633 4109 enim
672 4067 797 4121 eas,
853 4069 1036 4129 quum
1091 4049 1362 4110 barbarae
1418 4059 1626 4107 essent
1672 4046 1977 4118 antidhac,
2029 4044 2242 4105 edocui
2289 4045 2610 4106 humanam

310 4161 537 4216 vocem,
570 4162 751 4221 quum
779 4141 963 4222 longo
991 4155 1253 4222 tempore
1284 4161 1404 4202 una
1430 4142 1695 4202 fuissem.
1780 4141 2014 4200 P1s‘n1.
2048 4139 2186 4208 Quo
2213 4150 2414 4219 pacto,
2441 4159 2610 4219 quae·

313 4255 399 4307 so,
420 4237 585 4314 ipsas
614 4237 1085 4298 convocaret-isi
1169 4237 1283 4296 ΕΡ.
1314 4235 1538 4296 Facile.
1628 4235 1765 4296 Huc
1793 4235 1947 4294 enim
1977 4233 2274 4314 extemplo
2301 4234 2608 4313 ingressus

310 4328 371 4388 in
397 4327 763 4404 fruticetum,
804 4340 867 4390 et
918 4330 1179 4390 excitata
1225 4321 1439 4389 deinde
1488 4347 1623 4389 mea
1672 4326 1944 4400 luscinia,
1992 4326 2416 4390 advocabimus
2463 4345 2605 4386 eas:

312 4420 431 4480 iuna
484 4439 627 4481 vero
680 4432 945 4482 nostram
1002 4441 1213 4482 vocem
1282 4423 1383 4483 ubi
1448 4421 1861 4482 exaudiverint
1911 4420 2198 4480 curriculo
2269 4419 2608 4480 adcurrent.

318 4511 553 4574 Pis-ru.
579 4513 805 4576 Alitum
834 4535 871 4576 o
898 4526 963 4578 tu
982 4516 1309 4592 carissime,
1342 4535 1419 4578 ne
1460 4516 1639 4596 igitur
1687 4514 2022 4586 consistas;
2075 4513 2183 4576 sed
2231 4513 2481 4672 obsecho
2526 4522 2606 4586 te,

480 4607 681 4671 Arist.
708 4607 852 4671 Lat.
