3059 5059
258 381 621 460 504-560]
1290 375 1407 435 Av
1430 373 1568 434 Es.
2449 383 2562 442 ην

250 515 502 576 domum
528 512 726 574 retuli.
806 510 1039 570 Prsrn.
1071 505 1315 589 Egypti
1350 518 1552 568 autem
1601 507 1906 588 totiusque
1959 507 2282 570 Pboenicioe
2317 511 2566 574 cuculus

250 619 387 672 erat
405 627 533 680 rex,
554 617 618 667 et
636 623 819 687 quum
838 605 1088 666 cuculus
1108 602 1435 665 cecinisset
1464 619 1659 672 coeca,
1677 601 1932 664 universi
1955 612 2079 662 tum
2101 601 2416 665 Phoenices
2445 603 2566 666 frn-

251 711 459 762 menta
496 709 561 761 et
585 699 874 760 hordeum
898 701 959 758 in
988 699 1145 758 arvis
1184 696 1486 758 demetere
1533 693 1828 757 solebant.
1911 695 2118 755 Eum..
2165 697 2300 756 Non
2352 705 2570 760 temere

252 814 401 876 ergo
458 795 617 855 istuc
672 793 984 873 proverbio
1030 791 1326 872 jactatur:
1374 791 1584 862 exoa,
1637 790 1883 852 recutiti
1933 793 2002 850 in
2051 807 2255 870 agros.
2336 789 2572 852 Pisa-n.

252 891 519 950 Tantam
543 896 743 948 autem
772 887 1155 946 obtinuerunt
1176 884 1383 965 imperi
1410 892 1792 964 potestatem,
1829 893 1897 944 ut
1939 883 1990 944 si
2040 883 2176 966 quis
2219 881 2397 943 etiam
2436 903 2569 964 reg-

254 994 431 1041 naret
452 981 515 1039 in
535 981 885 1040 Graecorum
904 982 1147 1040 urbibus
1178 979 1591 1058 Agamemnon
1620 987 1724 1036 aut
1748 977 2083 1051 Menelaus,
2113 995 2292 1057 super
2320 977 2570 1056 sceptris

252 1073 617 1136 considebat
642 1074 791 1146 avis,
828 1075 1129 1154 particeps
1171 1089 1395 1144 eorum,
1436 1090 1574 1149 qum
1615 1068 1716 1130 ille
1758 1070 2057 1148 accipe-ret
2095 1070 2278 1132 dona.
2361 1071 2569 1132 Eunt..

255 1168 329 1227 Id
367 1167 645 1248 equidem
677 1167 1120 1250 ignoraveram:
1181 1173 1361 1246 atque
1420 1163 1574 1224 adeo
1617 1162 1813 1222 mirari
1855 1163 2116 1235 subibat,
2169 1164 2465 1243 siquando
2511 1165 2571 1224 iu

254 1259 557 1341 tragoedia
584 1259 847 1340 prodiret
869 1259 1143 1320 Priamus
1174 1259 1389 1339 aliquis
1414 1275 1585 1318 avem
1612 1267 1847 1331 tenens,
1876 1277 2014 1336 quae
2037 1269 2238 1318 erecta
2257 1259 2317 1317 in
2342 1277 2573 1319 summo

260 1363 504 1432 sceptro
546 1353 911 1433 Lysicratem
954 1355 1317 1425 observaret,
1360 1353 1718 1432 quibusnam
1759 1350 1860 1410 ille
1915 1351 2257 1412 muneribus
2312 1369 2578 1412 corrum-

262 1457 526 1530 peretur.
585 1447 820 1508 P1s-rn.
850 1447 1029 1517 Quod
1056 1457 1256 1508 autem
1282 1445 1548 1506 omnium
1575 1445 1828 1504 maxime
1857 1443 2190 1504 mirandum
2219 1453 2345 1514 est:
2403 1444 2574 1524 Jupi-

260 1553 354 1602 ter
380 1539 507 1616 ille,
536 1541 641 1620 qui
669 1559 832 1600 nunc
852 1551 1086 1622 regnat,
1115 1539 1377 1620 aquilam
1407 1555 1576 1600 avem
1607 1537 1758 1620 gerit
1780 1537 1838 1596 in
1869 1539 2081 1618 capite,
2109 1549 2181 1598 ut
2206 1537 2306 1618 qui
2331 1558 2436 1599 rex
2464 1537 2576 1608 sit:

260 1635 515 1716 ejusque
534 1634 680 1707 filia,
724 1645 1046 1694 noctuam:
1099 1632 1321 1713 Apollo
1346 1651 1510 1705 vero,
1555 1641 1842 1710 tanquam
1887 1631 2164 1704 famuluS,
2218 1632 2575 1712 accipitrem.

260 1729 476 1788 Eum..
512 1727 786 1788 Cererem
816 1728 1103 1799 obtestor,
1130 1736 1200 1786 ut
1225 1725 1394 1786 istaec
1420 1735 1582 1785 recte
1609 1723 1915 1784 fabularis.
1973 1726 2056 1783 At
2079 1744 2219 1786 vero
2260 1743 2580 1805 quamnam

261 1823 341 1882 ob
369 1837 617 1881 causam
650 1821 769 1880 ista
797 1819 1067 1880 babent?
1146 1818 1379 1878 Pis-ra.
1410 1817 1515 1890 Ut,
1559 1833 1742 1895 quum
1782 1818 1916 1896 quis
1953 1817 2271 1894 sacrificat,
2313 1818 2578 1898 ipsisque

260 1917 323 1974 in
354 1931 598 1987 manus,
617 1923 685 1974 ut
714 1932 1016 1973 sacrorum
1041 1923 1134 1973 est
1160 1912 1334 1986 ritus,
1362 1921 1501 1970 exta
1524 1909 1794 1990 deponit,
1827 1910 1979 1989 ipsae
2009 1921 2149 1972 ante
2187 1911 2399 1973 Jovem
2441 1923 2581 1973 exta

266 2005 594 2087 accipiant.
676 2006 894 2086 Neque
921 2016 1066 2066 tunc
1088 2005 1393 2065 hominum
1415 2003 1576 2063 ullus
1604 2021 1710 2084 per
1730 2001 1908 2063 deum
1950 2003 2288 2086 quempiam
2318 2003 2581 2084 jurabat,

266 2101 375 2162 sed
400 2120 510 2182 per
561 2119 701 2160 aves
748 2100 1049 2160 universi:
1106 2110 1169 2159 et
1214 2097 1562 2158 adhucdum
1613 2095 1878 2177 Lampon
1935 2115 2042 2178 per
2086 2115 2356 2157 anserem
2395 2098 2580 2178 jurat,

267 2212 453 2276 quum
487 2192 714 2274 decipit
740 2193 1043 2272 aliquem:
1098 2201 1266 2252 tanto
1296 2209 1473 2271 opere
1515 2209 1623 2250 vos
1667 2208 1875 2251 omnes
1916 2187 2172 2250 antebac
2213 2191 2581 2252 venerabiles

267 2299 328 2347 et
354 2295 603 2347 sanctos
630 2287 1003 2346 habueruut:
1034 2305 1196 2346 nuuc
1225 2295 1424 2345 autem
1452 2283 1772 2364 mancipia,
1799 2283 1999 2344 fatuos
2029 2293 2090 2344 et
2117 2283 2382 2345 servulos
2414 2283 2580 2348 viles.

267 2380 529 2458 Jamque
548 2379 704 2439 adeo
733 2397 841 2438 vos
862 2378 923 2436 in
966 2377 1202 2458 templis
1244 2377 1423 2438 etiam
1464 2385 1752 2456 tanquam
1797 2375 2048 2437 furiosos
2091 2376 2350 2440 feriunt:
2406 2397 2581 2440 nemo

269 2491 389 2532 non
420 2481 491 2531 ut
519 2489 627 2531 vos
655 2472 855 2551 capiat
898 2487 1119 2552 auceps
1164 2468 1335 2551 ponit
1386 2468 1661 2550 laqueos»,
1711 2466 2067 2542 tendiculas,
2116 2469 2336 2551 virgas,
2389 2482 2578 2553 septa,

270 2564 550 2639 nebulas,
578 2565 749 2637 retia,
779 2563 1065 2645 pedicas:
1109 2562 1326 2623 deinde
1358 2579 1464 2622 vos
1501 2575 1710 2641 captos
1753 2561 2023 2622 vendunt
2060 2563 2405 2626 universos:
2457 2585 2582 2626 em-

270 2671 431 2722 tores
459 2678 605 2721 vero
632 2660 904 2720 manibus
932 2659 1115 2718 imum
1140 2657 1308 2717 vobis
1337 2663 1602 2716 ventrem
1631 2665 2041 2717 contrectant:
2095 2675 2289 2737 neque
2327 2668 2581 2734 tantum,

272 2751 767 2834 quandoquidem
796 2752 913 2812 ista
954 2751 1150 2811 facere
1177 2747 1431 2821 videtur,
1454 2767 1567 2808 vos
1595 2757 1836 2810 assatos
1880 2748 2216 2829 adponant,
2271 2751 2380 2811 sed
2428 2771 2584 2813 com-

272 2849 569 2907 minutum
597 2845 809 2906 radula
834 2863 1098 2917 caseum,
1128 2843 1346 2917 oleum,
1380 2841 1682 2924 silphium,
1716 2851 1950 2903 acetum
1979 2841 2306 2923 adjiciunt:
2336 2844 2583 2926 istisque

274 2940 453 3000 simul
484 2939 723 3012 intritis,
741 2939 1045 3019 jusculum
1077 2936 1243 2998 aliud
1268 2936 1447 2997 dulce
1477 2947 1538 2997 et
1563 2935 1788 3018 pingue
1816 2935 2162 3009 conficiunt,
2188 2935 2454 3018 illudque
2481 2959 2584 3000 ca·

273 3033 463 3093 lidum
491 3033 555 3092 in
582 3031 881 3113 vosipsos
929 3029 1266 3106 effundunt,
1294 3039 1581 3111 tanquam
1625 3029 1676 3089 si
1721 3029 2050 3092 morticinas
2096 3049 2305 3094 carnes
2351 3035 2584 3098 essetis.

276 3126 499 3188 Cnon.
564 3125 765 3205 Longe
814 3143 973 3200 vero,
1018 3125 1199 3206 longe
1247 3123 1687 3185 acerbissimam
1738 3123 2063 3185 orationem
2111 3127 2461 3206 apportasti,
2503 3126 2585 3188 mi

275 3222 477 3294 homo,
511 3229 583 3280 ut
612 3219 914 3300 deplorem
943 3228 1179 3299 patrum
1207 3237 1471 3278 meorum
1508 3217 1829 3298 ignaviam,
1857 3217 1958 3298 qui
2003 3217 2152 3278 istos
2193 3239 2232 3278 a
2263 3219 2585 3300 majoribus

276 3314 535 3376 traditos
556 3313 813 3374 honores
836 3313 915 3374 ad
946 3331 1135 3372 meam
1164 3331 1358 3391 usque
1387 3321 1628 3372 oetatem
1656 3329 1774 3371 non
1804 3309 2209 3393 propagarint,
2241 3314 2346 3376 sed
2363 3313 2586 3376 aboleri

276 3407 546 3468 siverint.
631 3408 723 3467 Tu
751 3426 911 3482 vero,
942 3407 1059 3466 deo
1088 3405 1229 3465 mihi
1256 3406 1535 3487 propitio,
1561 3415 1622 3466 et
1646 3415 2080 3488 peropportune
2111 3405 2402 3469 advenisti
2441 3407 2586 3469 mibi

276 3511 566 3562 servator.
609 3500 736 3560 Tibi
764 3502 920 3561 enim
949 3499 1283 3560 commissis
1320 3499 1620 3580 pullisque
1663 3499 1810 3559 meis
1853 3508 1914 3559 et
1954 3497 2324 3580 memetipso,
2377 3521 2584 3565 secure

277 3594 517 3674 degam.
600 3592 725 3654 Sed
752 3593 895 3672 quid
925 3593 1119 3654 facere
1148 3593 1449 3674 expediat,
1476 3604 1541 3653 tu
1572 3611 1682 3652 uos
1713 3612 1873 3652 nunc
1895 3611 2161 3672 praesens
2189 3594 2413 3656 edoce:
2447 3613 2586 3657 nam

278 3689 476 3747 vivere
496 3707 613 3746 nos
641 3695 800 3747 certe
820 3686 1130 3766 iudignum
1157 3696 1267 3760 est,
1295 3686 1409 3747 nisi
1436 3685 1864 3766 redipiscamur
1883 3685 2090 3767 quovis
2110 3697 2290 3768 pacto
2337 3705 2586 3770 regnum

276 3791 579 3841 nostrum.
663 3778 893 3840 Pras-11.
924 3781 1004 3839 Et
1030 3781 1279 3861 primum
1308 3779 1510 3860 itaque
1541 3797 1775 3855 moneo,
1805 3797 1928 3840 una
1953 3789 2023 3839 ut
2049 3781 2242 3841 avium
2285 3780 2366 3841 sit
2403 3783 2585 3844 urbs:

279 3873 503 3935 deinde
520 3882 589 3932 ut
614 3874 806 3932 omnis
836 3875 941 3934 aer
962 3872 1203 3948 circum,
1234 3884 1413 3953 atque
1441 3874 1776 3935 uuiversum
1803 3873 1990 3934 hocce
2015 3872 2393 3934 intervallum
2421 3894 2586 3936 com-

278 3967 600 4026 moeniatur
626 3967 855 4046 magnis
886 3966 1169 4028 lateribus
1197 3967 1527 4041 coctilibus,
1557 3969 1643 4028 uti
1667 3967 1959 4048 Babylon.
2047 3965 2160 4028 Er.
2203 3967 2257 4027 Ο
2293 3967 2588 4032 Cebrione

280 4069 340 4120 et
370 4059 729 4141 Porphyrio,
759 4079 938 4138 quam
976 4061 1294 4122 terribilem
1338 4061 1574 4121 urbem!
1660 4061 1893 4122 Pis-ru.
1939 4059 2123 4122 Porro
2161 4074 2359 4124 autem
2404 4083 2586 4146 quum

280 4153 385 4212 illa
412 4153 595 4213 suerit
623 4153 899 4226 excitata,
925 4153 1229 4235 imperium
1252 4165 1323 4214 ut
1365 4175 1399 4214 a
1442 4155 1592 4215 Jove
1635 4154 1954 4238 repetatis:
2009 4153 2058 4214 si
2101 4164 2297 4218 autem
2338 4159 2590 4240 negarit,

284 4255 345 4304 et
372 4245 654 4319 noluerit,
682 4251 875 4325 neque
898 4247 1192 4329 extemplo
1234 4267 1361 4308 suae
1404 4248 1514 4308 sibi
1557 4247 1976 4310 imbecillitatis
2019 4251 2296 4311 conscius
2336 4270 2588 4313 consen-

285 4339 453 4412 serit,
480 4357 723 4399 sacrum
750 4338 838 4400 illi
858 4340 1081 4400 bellum
1110 4341 1412 4419 indicatis,
1435 4341 1699 4423 deosque
1741 4343 1950 4403 vetetis
1989 4361 2096 4423 per
2137 4354 2395 4404 vestram
2436 4345 2587 4425 regi-

287 4451 463 4491 onem
491 4433 724 4514 rigente
750 4451 933 4494 nervo
976 4434 1243 4510 transire,
1284 4437 1441 4498 sicut
1480 4445 1658 4497 antea
1699 4434 2165 4511 descendebant,
2207 4434 2589 4512 Alcumenas,

290 4525 516 4606 Alopas
546 4535 611 4588 et
644 4526 912 4590 Semeles
960 4528 1323 4612 stupraturi:
1372 4532 1465 4592 sin
1508 4529 1752 4610 adeant,
1799 4541 1870 4592 ut
1909 4530 2231 4592 mentulam
2273 4531 2360 4593 eis
2409 4529 2588 4594 anulo
