3059 5059
304 416 659 497 loo-164]
1112 412 1803 481 missarum.
2497 398 2617 479 169

290 548 367 608 tis
389 548 681 609 absentes
710 549 773 609 in
816 544 1068 609 militia?
1148 546 1260 609 Sat
1310 541 1469 609 en'im
1510 547 1638 611 scio
1689 545 2008 627 unicuique
2048 554 2312 609 vostrum
2367 542 2613 632 peregre

288 642 509 703 abesse
536 642 752 703 virum.
838 641 1007 703 Car..
1034 638 1215 701 Meus
1245 638 1487 722 quidem
1510 640 1600 702 vir
1611 640 1739 721 jam
1759 639 2031 721 quinque
2043 658 2307 715 menses,
2336 659 2375 702 o
2413 642 2616 719 miser,

290 736 469 795 abest
494 734 559 795 in
587 734 847 797 Thracia
894 736 1222 795 observans
1270 734 1610 796 Euoratem.
1649 778 1656 785 ·
1693 734 1846 796 Lrs.
1896 734 2077 795 Meus
2103 753 2264 797 -vero
2299 744 2460 798 totos
2503 750 2612 799 sex

291 846 539 889 menses
560 827 641 889 ad
669 828 911 909 Pylum.
973 828 1189 891 Laut.
1221 827 1399 888 Meus
1418 836 1637 902 autem,
1663 827 1715 887 si
1743 826 1986 907 quando
2003 829 2080 888 ab
2100 827 2364 891 exercitu
2383 828 2613 904 redeat,

290 940 433 981 mox
472 920 715 983 adnexo
758 921 876 983 sibi
914 920 1151 1003 clypeo·
1176 919 1393 983 evolat.
1479 921 1636 981 Lrs.
1675 921 1798 983 Sed
1845 940 1958 984 nec
1993 920 2222 983 ‘moechi
2265 921 2474 985 relicta
2519 933 2615 985 est

294 1012 587 1077 scintilla.
669 1015 763 1075 Ex
790 1034 913 1095 quo
938 1014 1098 1076 enim
1118 1034 1231 1077 nos
1260 1012 1652 1097 prodiderunt
1677 1014 1922 1088 Milesii,
1958 1034 2036 1075 ne
2076 1013 2333 1077 olisbum
2372 1014 2616 1097 quidem

290 1105 415 1166 vidi
446 1118 591 1169 octo
614 1108 841 1189 digitos
866 1108 1137 1191 longum,
1166 1106 1271 1189 qui
1298 1106 1473 1169 nobis
1514 1116 1681 1169 esset
1705 1108 2040 1171 coriaceum
2067 1108 2372 1172 auxilium.
2412 1108 2616 1171 Velle-

292 1200 451 1261 tisne
478 1222 650 1283 eng-o,
673 1202 727 1262 si
747 1220 941 1283 quam.
954 1222 1070 1283 ego
1098 1201 1387 1263 fabricam
1414 1199 1717 1273 invenero,
1747 1200 1906 1266 bello
1929 1220 2162 1263 mecum
2198 1202 2375 1264 finem
2421 1201 2612 1284 impo-

292 1294 475 1356 nere?
504 1297 745 1356 Μῑιιι.
766 1295 877 1357 Per
888 1295 1053 1357 Deas
1064 1295 1202 1376 juro
1212 1312 1319 1357 me
1336 1293 1512 1368 velle,
1526 1294 1578 1355 si
1598 1314 1694 1355 me
1709 1304 1985 1377 oporteat
1995 1294 2093 1356 vel
2101 1293 2410 1377 encyclum
2427 1294 2616 1359 hocce

293 1407 601 1469 opponere
624 1388 879 1470 pignori,
908 1398 1283 1468 sumtamque
1310 1387 1630 1468 pecuniam
1667 1387 1786 1451 hoc
1831 1389 1964 1471 ipso
2011 1388 2109 1449 die
2151 1386 2424 1451 ebibere.·
2449 1382 2615 1453 Car..

292 1480 427 1561 Ego
455 1502 599 1542 vero
622 1481 767 1542 mihi
793 1481 996 1543 videor
1023 1480 1121 1541 vel
1146 1480 1375 1543 rhombi
1402 1480 1594 1541 instar
1619 1480 1908 1563 meipsam
1955 1481 2306 1556 dissectura,
2333 1492 2397 1544 et
2443 1480 2618 1543 dimi-

293 1572 457 1635 dium
490 1576 611 1635 mei
634 1573 867 1637 datura.
940 1574 1157 1635 Lam».
1191 1574 1324 1654 Ego
1350 1592 1491 1635 vero
1524 1574 1616 1635 vel
1647 1573 1727 1634 ad
1757 1574 2090 1655 Taygetum
2131 1572 2538 1649 ascenderem,
2563 1575 2618 1637 si

294 1666 375 1727 ibi
400 1667 627 1729 Pacem
652 1666 766 1729 sim
782 1668 1006 1729 visura.
1091 1666 1245 1727 Lvs.
1276 1665 1491 1727 Dicam
1514 1686 1701 1747 erg-og
1757 1667 2054 1747 siquidem
2091 1687 2186 1729 res
2213 1666 2467 1730 celanda
2495 1687 2616 1731 non

294 1768 409 1821 est.
453 1760 647 1821 Nobis
676 1760 857 1835 enim,
883 1780 922 1821 o
944 1758 1242 1833 mulieres,
1268 1759 1321 1819 si
1341 1758 1862 1840 volumuscogere
1884 1760 2038 1821 viros
2067 1760 2148 1821 ad
2172 1760 2486 1823 colendam
2507 1780 2614 1843 pa-

294 1874 449 1927 cem,
480 1852 907 1919 abstinendum
934 1862 1110 1915 est—
1190 1852 1642 1921 Mna..Qu02
1683 1853 1803 1915 dic.
1888 1854 2036 1915 Lus.
2067 1852 2402 1915 Facietisne
2429 1854 2618 1936 ergo?

296 1947 542 2008 Muta.
593 1946 927 2021 Faciemus,
982 1946 1036 2007 si
1092 1945 1187 2007 vel
1230 1964 1345 2009 nos
1402 1945 1575 2006 mori·
1599 1956 1894 2027 oporteat.
1925 1985 1930 1995 ·
1975 1948 2125 2010 Lm.
2175 1947 2616 2013 Abstinendum

290 2041 479 2123 igitur
504 2042 679 2102 nobis
700 2050 796 2103 est
842 2060 879 2101 a
902 2060 1080 2121 pene.
1164 2038 1327 2109 Quid
1354 2038 1500 2101 mihi
1527 2040 1927 2101 aversamini?
1966 2058 2250 2120 quorsum
2289 2040 2390 2102 itis
2404 2040 2464 2101 t..
2488 2038 2614 2104 Vos

296 2136 569 2216 inquam,
594 2154 702 2195 cur
740 2132 909 2195 labra
934 2133 1335 2214 distorquetis,
1362 2142 1428 2193 et
1465 2132 1758 2197 renuitis?
1809 2154 1916 2195 cur
1953 2130 2118 2195 color
2155 2144 2420 2195 mutatur
2433 2133 2482 2193 ἓ·
2507 2154 2618 2197 cur

294 2228 545 2290 lacrima
562 2226 736 2289 fluit?
784 2226 1116 2301 facietisne,
1132 2246 1210 2287 an
1240 2244 1363 2287 non
1391 2224 1665 2287 facietis?
1707 2238 1812 2287 aut
1832 2226 1980 2307 quid
2005 2225 2286 2308 cogitatis
2307 2224 2335 2285 'f
2377 2228 2618 2291 Mran.

298 2321 441 2382 Non
472 2320 737 2394 fecerim,
763 2320 871 2380 sed
896 2319 1119 2381 bellum
1148 2332 1369 2400 serpat.
1413 2318 1578 2379 Car..
1608 2319 1740 2381 Nec
1786 2319 2002 2401 edepol
2045 2339 2183 2401 ego,
2203 2364 2212 2373 ·
2235 2320 2344 2381 sed
2389 2320 2616 2383 bellum

298 2422 521 2495 serpat.
595 2413 749 2474 Lrs.
780 2412 1050 2475 Hoccine
1080 2410 1233 2473 dicis
1257 2424 1345 2485 tu,
1396 2410 1686 2473 rhombe2
1733 2411 1900 2491 atqui
1945 2412 2127 2475 modo
2149 2413 2376 2475 aiebas
2418 2424 2480 2475 te
2517 2413 2617 2476 vel

296 2506 615 2569 dimidium
642 2506 729 2567 tui
758 2506 1182 2567 abscissuram.
1264 2505 1429 2567 Car..
1450 2504 1656 2579 Aliud,
1699 2504 1863 2565 aliud
1903 2504 2196 2587 quidquid
2235 2505 2458 2569 voles..
2503 2506 2616 2570 vel

294 2600 657 2682 perignem,
688 2600 740 2659 si
770 2609 1068 2679 oporteat,
1094 2596 1370 2661 incedere
1415 2596 1578 2662 volo.
1662 2597 1798 2659 Hoc
1847 2598 2074 2679 potius,
2103 2616 2286 2680 quam
2325 2599 2490 2679 quod
2537 2600 2617 2663 de

294 2714 457 2775 pene
479 2692 747 2767 dicebas,
776 2692 853 2753 ad
882 2712 1061 2774 quem
1089 2691 1239 2753 nihil
1267 2690 1565 2772 estquod
1611 2708 1941 2772 compares,
1989 2712 2028 2753 o
2068 2710 2210 2753 cara
2263 2692 2614 2774 Lysistrata.

296 2790 455 2851 Lts.
486 2788 769 2861 Tu.vero,
795 2785 940 2867 quid
959 2786 988 2845 ἵ
1068 2785 1281 2847 [μιν.
1314 2784 1393 2846 Et
1418 2804 1534 2865 ego
1561 2782 1698 2846 volo
1724 2784 2072 2867 perignem.
2145 2785 2298 2847 Lrs.
2331 2785 2390 2847 Ο
2416 2784 2616 2848 libidi-

292 2903 519 2944 nosum
567 2901 777 2943 sexum
834 2899 1071 2943 omnem
1094 2884 1417 2940 ‚nostruml
1474 2898 1596 2939 non
1652 2888 1872 2939 temere
1923 2890 2037 2952 est,
2093 2878 2256 2961 quod
2308 2877 2385 2942 de
2439 2877 2614 2942 nobis

292 2976 455 3037 fiunt
476 2974 857 3057 Tragoediae:
886 2972 1061 3034 nihil
1090 2972 1503 3047 enimsumus,
1530 2972 1648 3033 nisi
1693 2973 2010 3053 Neptunus
2047 2981 2106 3033 et
2146 2974 2386 3057 scapha.
2469 2973 2615 3050 Sed,

294 3088 337 3131 o
363 3088 511 3130 cara
534 3068 797 3129 Lacaena
818 3072 911 3145 (tu
936 3066 1095 3127 enim
1124 3068 1175 3128 si
1202 3066 1381 3127 fueris
1410 3065 1544 3128 sola
1595 3084 1852 3141 mecum,
1901 3063 2193 3147 perditam
2239 3086 2364 3127 rem
2411 3066 2613 3130 adhuc

296 3164 615 3224 restituere
646 3161 989 3243 poterimus)
1044 3158 1371 3220 adsentire·
1402 3159 1569 3221 mihi.
1650 3158 1869 3220 Laur.
1923 3158 2041 3219 Per
2092 3167 2326 3221 ecastor
2371 3159 2616 3224 difficile

294 3265 396 3317 est
420 3254 677 3317 feminas
704 3254 959 3316 dormire
988 3252 1149 3315 solas
1173 3254 1303 3314 sine
1326 3252 1618 3315 mentula.
1703 3253 1838 3313 Hoc
1865 3263 2064 3314 tamen
2091 3252 2322 3335 perpeti
2347 3262 2612 3335 oportet:

286 3368 443 3410 ,nam
473 3368 685 3430 pacem
713 3349 839 3409 fieri
866 3357 1105 3429 oportet
1132 3348 1407 3410 maxime.
1492 3346 1646 3409 Lrs.
1679 3346 1738 3408 Ο
1781 3346 2090 3408 carissima
2129 3360 2192 3408 et
2233 3348 2363 3409 sola
2401 3348 2614 3411 harum

290 3443 546 3505 femina.
632 3443 871 3504 Muta.
902 3442 969 3503 Si
999 3450 1217 3516 autem,
1247 3441 1411 3522 quod
1440 3442 1618 3514 absit,
1646 3460 1827 3522 quam
1849 3441 2102 3502 maxime
2131 3441 2554 3504 abstineamus·
2575 3460 2616 3503 a

291 3556 424 3617 quo
452 3546 523 3597 tu
548 3534 728 3609 dicis,
748 3536 1019 3615 magisne
1046 3546 1357 3617 eapropter
1386 3536 1490 3596 fiet
1515 3534 1683 3616 pax?
1755 3535 1908 3596 Lrs.
1941 3535 2136 3596 Multo
2163 3535 2377 3616 magis,
2405 3534 2504 3597 ita'
2517 3556 2614 3600 me

294 3638 512 3690 ament
538 3628 735 3690 Divae.
818 3628 883 3687 Si
900 3630 1059 3689 enim
1088 3627 1249 3689 domi
1278 3627 1620 3690 sederemus
1641 3627 1960 3709 pigmentis
1983 3627 2188 3689 oblitae
2214 3640 2278 3690 et
2313 3630 2376 3689 in
2417 3647 2616 3690 amor-

293 3723 461 3804 ginis
490 3720 803 3784 subuculis
832 3722 1015 3783 nudoe
1042 3721 1455 3783 incederemus
1509 3722 1722 3803 glabro
1769 3740 1992 3797 cunno,
2025 3722 2354 3803 arrigerent
2395 3722 2523 3798 viri,
2551 3729 2616 3786 et

294 3817 465 3877 coire
490 3826 780 3898 cuperent
808 3834 825 3874 ε
871 3834 983 3877 nos
1006 3826 1203 3879 autem
1233 3816 1287 3875 si
1314 3835 1435 3877 non
1458 3816 1898 3891 accederemus,
1927 3828 1990 3877 at
2015 3834 2128 3878 nos
2155 3818 2613 3893 contineremus,

294 3920 395 3971 sat
442 3908 573 3971 scio
628 3928 769 3969 mox
823 3928 1032 3990 pacem
1089 3928 1193 3971 eos
1249 3910 1534 3971 facturos.
1619 3910 1834 3972 Lam».
1891 3910 2050 3973 Sane
2105 3910 2420 3973 Menelaus
2469 3910 2614 3973 olim

296 4004 669 4083 conspectis,
695 4013 766 4064 ut
804 4012 973 4082 puto,
1000 4002 1251 4065 Helenoe
1296 4000 1473 4064 nudis
1522 4004 1777 4085 papillis,
1807 4021 2012 4065 ensem
2051 4003 2289 4083 abjecit.
2373 4005 2613 4068 Mran..

300 4096 471 4167 Quid
500 4116 665 4167 vero,
688 4114 723 4155 o
750 4096 1003 4169 misella,
1032 4096 1085 4156 si
1112 4116 1223 4159 nos
1250 4098 1558 4158 omiserint
1581 4096 1729 4157 viri?
1814 4096 1964 4157 LYs.
1998 4096 2148 4157 Tum
2185 4097 2345 4160 istud
2396 4096 2616 4161 Phere-

296 4190 483 4251 cratis
512 4188 758 4265 adhibe,
790 4190 1003 4251 Caum
1026 4193 1389 4253 excoriatum
1415 4192 1729 4253 eccm-iare.
1811 4190 2050 4253 Muta.
2079 4192 2276 4272 Nugae
2316 4204 2460 4255 sunt
2496 4194 2618 4255 ista

300 4283 651 4345 simulacra.
734 4283 800 4343 si
830 4302 970 4345 vero
998 4284 1459 4364 comprehensas
1508 4284 1572 4344 in
1621 4284 1960 4345 cubiculum
2011 4284 2070 4344 vi
2125 4286 2412 4348 traxerint
2449 4302 2564 4346 nos
2585 4284 2614 4344 l

300 4376 457 4437 Lrs.
486 4376 773 4437 Renitere
794 4376 1179 4457 apprehensis
1221 4377 1465 4440 foribus.
1550 4377 1787 4438 Mrnn.
1829 4378 1914 4437 At
1939 4378 1991 4438 si
2017 4378 2372 4439 verberent?
2453 4378 2613 4440 Lrs.

301 4469 457 4532 Tum
483 4470 711 4552 proebe,
736 4469 845 4531 sed
874 4471 1155 4552 maligne.
1240 4472 1427 4533 Nulla
1452 4471 1610 4532 enim
1637 4471 1733 4533 his
1759 4470 1918 4533 inest
1941 4470 2240 4552 voluptas,
2270 4469 2320 4530 si
2348 4490 2456 4551 per
2491 4470 2612 4535 vim

300 4562 534 4719 fiam-A
560 4562 831 4722 Aliisffi
876 4564 1072 4627 modis
1118 4564 1413 4628 molestia.
1432 4584 1538 4629 eos
1581 4565 1814 4627 afficere
1856 4574 2108 4645 oportet.
2194 4562 2324 4625 Nec
2352 4558 2612 4719 qubites,

536 4660 679 4721 mr.
834 4703 851 4719 .
897 4686 905 4694 -
976 4688 981 4695 ·
1617 4664 1624 4671 ·
2101 4680 2110 4685 ·
