<?xml version="1.0" encoding="UTF-8"?>
<!DOCTYPE html PUBLIC "-//W3C//DTD XHTML 1.0 Transitional//EN"
    "http://www.w3.org/TR/xhtml1/DTD/xhtml1-transitional.dtd">
<html xmlns="http://www.w3.org/1999/xhtml" xml:lang="en" lang="en">
 <head>
  <title>
</title>
<meta http-equiv="Content-Type" content="text/html;charset=utf-8" />
  <meta name='ocr-system' content='tesseract 3.04.00' />
  <meta name='ocr-capabilities' content='ocr_page ocr_carea ocr_par ocr_line ocrx_word'/>
</head>
<body>
  <div class='ocr_page' id='page_1' title='image "./comdicumscholii00bekkgoog_0120.png"; bbox 0 0 3059 5059; ppageno 0'>
   <div class='ocr_carea' id='block_1_1' title="bbox 500 326 2796 427">
    <p class='ocr_par' dir='ltr' id='par_1_1' title="bbox 500 326 2796 427">
     <span class='ocr_line' id='line_1_1' title="bbox 500 326 2796 427; baseline -0.009 -14"><span class='ocrx_word' id='word_1_1' title='bbox 500 354 615 413; x_wconf 76' lang='lat'>104</span> <span class='ocrx_word' id='word_1_2' title='bbox 984 361 992 369; x_wconf 60' lang='grc'><em>’</em></span> <span class='ocrx_word' id='word_1_3' title='bbox 1220 344 1269 403; x_wconf 78' lang='grc' dir='ltr'><strong>Α</strong></span> <span class='ocrx_word' id='word_1_4' title='bbox 1302 326 2040 403; x_wconf 66' lang='lat' dir='ltr'>als’roPnANis</span> <span class='ocrx_word' id='word_1_5' title='bbox 2439 346 2796 427; x_wconf 56' lang='grc' dir='ltr'>[ως-,560</span> 
     </span>
    </p>
   </div>
   <div class='ocr_carea' id='block_1_2' title="bbox 412 470 2807 4580">
    <p class='ocr_par' dir='ltr' id='par_1_2' title="bbox 412 470 2807 4580">
     <span class='ocr_line' id='line_1_2' title="bbox 492 470 2798 562; baseline -0.002 -20"><span class='ocrx_word' id='word_1_6' title='bbox 492 482 607 562; x_wconf 84' lang='lat' dir='ltr'>gis.</span> <span class='ocrx_word' id='word_1_7' title='bbox 654 476 873 539; x_wconf 77' lang='lat' dir='ltr'>Mnac.</span> <span class='ocrx_word' id='word_1_8' title='bbox 904 476 959 536; x_wconf 92' lang='grc' dir='ltr'>Ο</span> <span class='ocrx_word' id='word_1_9' title='bbox 986 476 1098 539; x_wconf 86' lang='lat' dir='ltr'>eia.</span> <span class='ocrx_word' id='word_1_10' title='bbox 1140 474 1359 541; x_wconf 66' lang='lat' dir='ltr'>Tuo.</span> <span class='ocrx_word' id='word_1_11' title='bbox 1390 470 1501 535; x_wconf 86' lang='lat' dir='ltr'>Eia</span> <span class='ocrx_word' id='word_1_12' title='bbox 1526 472 1838 534; x_wconf 82' lang='lat' dir='ltr'><strong>mehercle.</strong></span> <span class='ocrx_word' id='word_1_13' title='bbox 1883 472 2110 537; x_wconf 77' lang='lat' dir='ltr'>Mene.</span> <span class='ocrx_word' id='word_1_14' title='bbox 2137 473 2194 535; x_wconf 85' lang='grc' dir='ltr'>Ο</span> <span class='ocrx_word' id='word_1_15' title='bbox 2223 474 2340 547; x_wconf 91' lang='lat' dir='ltr'>eia,</span> <span class='ocrx_word' id='word_1_16' title='bbox 2363 495 2400 537; x_wconf 95' lang='lat' dir='ltr'>o</span> <span class='ocrx_word' id='word_1_17' title='bbox 2421 476 2533 538; x_wconf 87' lang='lat' dir='ltr'>eia.</span> <span class='ocrx_word' id='word_1_18' title='bbox 2575 478 2798 539; x_wconf 73' lang='lat' dir='ltr'>Onon.</span> 
     </span>
     <span class='ocr_line' id='line_1_3' title="bbox 493 566 2798 651; baseline -0.001 -18"><span class='ocrx_word' id='word_1_19' title='bbox 493 574 713 634; x_wconf 84' lang='lat' dir='ltr'>Parum</span> <span class='ocrx_word' id='word_1_20' title='bbox 740 591 886 632; x_wconf 87' lang='lat' dir='ltr'>sane</span> <span class='ocrx_word' id='word_1_21' title='bbox 914 587 1349 651; x_wconf 72' lang='lat' dir='ltr'>promovemus.</span> <span class='ocrx_word' id='word_1_22' title='bbox 1416 568 1634 627; x_wconf 72' lang='lat' dir='ltr'>Tam.</span> <span class='ocrx_word' id='word_1_23' title='bbox 1678 566 1894 629; x_wconf 80' lang='lat' dir='ltr'>Nonne</span> <span class='ocrx_word' id='word_1_24' title='bbox 1923 568 2234 647; x_wconf 84' lang='lat' dir='ltr'>indignum</span> <span class='ocrx_word' id='word_1_25' title='bbox 2261 580 2356 629; x_wconf 83' lang='lat' dir='ltr'>est</span> <span class='ocrx_word' id='word_1_26' title='bbox 2379 570 2531 631; x_wconf 80' lang='lat' dir='ltr'>alins</span> <span class='ocrx_word' id='word_1_27' title='bbox 2553 570 2798 650; x_wconf 85' lang='lat' dir='ltr'>quidem</span> 
     </span>
     <span class='ocr_line' id='line_1_4' title="bbox 495 658 2798 744; baseline -0.001 -17"><span class='ocrx_word' id='word_1_28' title='bbox 495 666 737 729; x_wconf 87' lang='lat' dir='ltr'>tendere</span> <span class='ocrx_word' id='word_1_29' title='bbox 765 676 827 725; x_wconf 90' lang='lat' dir='ltr'>et</span> <span class='ocrx_word' id='word_1_30' title='bbox 851 662 1106 735; x_wconf 86' lang='lat' dir='ltr'>trahere,</span> <span class='ocrx_word' id='word_1_31' title='bbox 1134 660 1283 721; x_wconf 89' lang='lat' dir='ltr'>alios</span> <span class='ocrx_word' id='word_1_32' title='bbox 1310 681 1450 721; x_wconf 82' lang='lat' dir='ltr'>vero</span> <span class='ocrx_word' id='word_1_33' title='bbox 1470 658 1814 721; x_wconf 75' lang='lat' dir='ltr'>retrahere?</span> <span class='ocrx_word' id='word_1_34' title='bbox 1858 660 2080 740; x_wconf 88' lang='lat' dir='ltr'>Plagas</span> <span class='ocrx_word' id='word_1_35' title='bbox 2107 662 2412 741; x_wconf 70' lang='lat' dir='ltr'><strong>accipietis</strong></span> <span class='ocrx_word' id='word_1_36' title='bbox 2438 684 2546 725; x_wconf 82' lang='lat' dir='ltr'>vos</span> <span class='ocrx_word' id='word_1_37' title='bbox 2571 664 2798 744; x_wconf 80' lang='lat' dir='ltr'>Argivi.</span> 
     </span>
     <span class='ocr_line' id='line_1_5' title="bbox 491 754 2801 837; baseline -0.001 -17"><span class='ocrx_word' id='word_1_38' title='bbox 491 758 714 820; x_wconf 10' lang='lat' dir='ltr'>&#39;Meam</span> <span class='ocrx_word' id='word_1_39' title='bbox 747 757 855 817; x_wconf 87' lang='lat' dir='ltr'>Eia</span> <span class='ocrx_word' id='word_1_40' title='bbox 874 776 1041 835; x_wconf 89' lang='lat' dir='ltr'>ergo.</span> <span class='ocrx_word' id='word_1_41' title='bbox 1122 754 1341 815; x_wconf 75' lang='lat' dir='ltr'>Tam.</span> <span class='ocrx_word' id='word_1_42' title='bbox 1374 754 1485 813; x_wconf 84' lang='lat' dir='ltr'>Eia</span> <span class='ocrx_word' id='word_1_43' title='bbox 1508 760 1586 814; x_wconf 85' lang='lat' dir='ltr'>o!</span> <span class='ocrx_word' id='word_1_44' title='bbox 1669 754 1884 814; x_wconf 70' lang='lat' dir='ltr'>enon.</span> <span class='ocrx_word' id='word_1_45' title='bbox 1928 754 2122 823; x_wconf 88' lang='lat' dir='ltr'>Quam</span> <span class='ocrx_word' id='word_1_46' title='bbox 2167 754 2442 817; x_wconf 80' lang='lat' dir='ltr'>malevoli</span> <span class='ocrx_word' id='word_1_47' title='bbox 2484 768 2628 817; x_wconf 83' lang='lat' dir='ltr'>sunt</span> <span class='ocrx_word' id='word_1_48' title='bbox 2665 758 2801 837; x_wconf 86' lang='lat' dir='ltr'>qui-</span> 
     </span>
     <span class='ocr_line' id='line_1_6' title="bbox 494 847 2803 933; baseline -0 -20"><span class='ocrx_word' id='word_1_49' title='bbox 494 853 631 913; x_wconf 86' lang='lat' dir='ltr'>dam</span> <span class='ocrx_word' id='word_1_50' title='bbox 660 852 813 933; x_wconf 83' lang='lat' dir='ltr'>inter</span> <span class='ocrx_word' id='word_1_51' title='bbox 840 854 987 909; x_wconf 82' lang='lat' dir='ltr'>nos!</span> <span class='ocrx_word' id='word_1_52' title='bbox 1070 848 1288 908; x_wconf 75' lang='lat' dir='ltr'>Tam.</span> <span class='ocrx_word' id='word_1_53' title='bbox 1320 848 1445 907; x_wconf 89' lang='lat' dir='ltr'>Vos</span> <span class='ocrx_word' id='word_1_54' title='bbox 1474 866 1642 927; x_wconf 88' lang='lat' dir='ltr'>ergo,</span> <span class='ocrx_word' id='word_1_55' title='bbox 1670 848 1774 928; x_wconf 89' lang='lat' dir='ltr'>qui</span> <span class='ocrx_word' id='word_1_56' title='bbox 1803 849 1968 926; x_wconf 88' lang='lat' dir='ltr'>pacis</span> <span class='ocrx_word' id='word_1_57' title='bbox 1997 847 2320 928; x_wconf 86' lang='lat' dir='ltr'>cupiditate</span> <span class='ocrx_word' id='word_1_58' title='bbox 2349 850 2642 930; x_wconf 82' lang='lat' dir='ltr'>flagratis.</span> <span class='ocrx_word' id='word_1_59' title='bbox 2677 863 2803 913; x_wconf 87' lang='lat' dir='ltr'>tra·</span> 
     </span>
     <span class='ocr_line' id='line_1_7' title="bbox 490 939 2800 1025; baseline -0.001 -18"><span class='ocrx_word' id='word_1_60' title='bbox 490 946 613 1007; x_wconf 86' lang='lat' dir='ltr'>hite</span> <span class='ocrx_word' id='word_1_61' title='bbox 640 945 886 1005; x_wconf 83' lang='lat' dir='ltr'>fortiter.</span> <span class='ocrx_word' id='word_1_62' title='bbox 966 942 1182 1003; x_wconf 76' lang='lat' dir='ltr'>Cnon.</span> <span class='ocrx_word' id='word_1_63' title='bbox 1212 940 1335 1001; x_wconf 86' lang='lat' dir='ltr'>Sed</span> <span class='ocrx_word' id='word_1_64' title='bbox 1362 951 1525 1013; x_wconf 82' lang='lat' dir='ltr'>sunt,</span> <span class='ocrx_word' id='word_1_65' title='bbox 1565 940 1668 1021; x_wconf 91' lang='lat' dir='ltr'>qui</span> <span class='ocrx_word' id='word_1_66' title='bbox 1705 939 2056 1021; x_wconf 86' lang='lat' dir='ltr'>impediunt.</span> <span class='ocrx_word' id='word_1_67' title='bbox 2136 942 2358 1003; x_wconf 72' lang='lat' dir='ltr'>Tam.</span> <span class='ocrx_word' id='word_1_68' title='bbox 2407 943 2532 1003; x_wconf 89' lang='lat' dir='ltr'>Viri</span> <span class='ocrx_word' id='word_1_69' title='bbox 2581 944 2800 1025; x_wconf 85' lang='lat' dir='ltr'>Mega-</span> 
     </span>
     <span class='ocr_line' id='line_1_8' title="bbox 490 1034 2798 1112; baseline 0 -13"><span class='ocrx_word' id='word_1_70' title='bbox 490 1058 717 1110; x_wconf 86' lang='lat' dir='ltr'>renses,</span> <span class='ocrx_word' id='word_1_71' title='bbox 768 1057 963 1098; x_wconf 92' lang='lat' dir='ltr'>nonne</span> <span class='ocrx_word' id='word_1_72' title='bbox 1008 1034 1169 1095; x_wconf 88' lang='lat' dir='ltr'>malo</span> <span class='ocrx_word' id='word_1_73' title='bbox 1216 1034 1481 1095; x_wconf 86' lang='lat' dir='ltr'>cruciatu</span> <span class='ocrx_word' id='word_1_74' title='bbox 1528 1034 1665 1094; x_wconf 85' lang='lat' dir='ltr'>hinc</span> <span class='ocrx_word' id='word_1_75' title='bbox 1705 1034 2060 1095; x_wconf 68' lang='lat' dir='ltr'>facessetis&#39;i</span> <span class='ocrx_word' id='word_1_76' title='bbox 2117 1035 2246 1096; x_wconf 81' lang='lat' dir='ltr'>odit</span> <span class='ocrx_word' id='word_1_77' title='bbox 2289 1037 2446 1097; x_wconf 87' lang='lat' dir='ltr'>enim</span> <span class='ocrx_word' id='word_1_78' title='bbox 2489 1058 2598 1099; x_wconf 77' lang='lat' dir='ltr'>vos</span> <span class='ocrx_word' id='word_1_79' title='bbox 2640 1038 2798 1112; x_wconf 84' lang='lat' dir='ltr'>Dea,</span> 
     </span>
     <span class='ocr_line' id='line_1_9' title="bbox 492 1127 2800 1207; baseline -0.001 -14"><span class='ocrx_word' id='word_1_80' title='bbox 492 1133 763 1193; x_wconf 86' lang='lat' dir='ltr'>alliorum</span> <span class='ocrx_word' id='word_1_81' title='bbox 798 1150 1043 1201; x_wconf 89' lang='lat' dir='ltr'>memor,</span> <span class='ocrx_word' id='word_1_82' title='bbox 1092 1127 1307 1207; x_wconf 89' lang='lat' dir='ltr'>quibus</span> <span class='ocrx_word' id='word_1_83' title='bbox 1362 1127 1525 1187; x_wconf 91' lang='lat' dir='ltr'>illam</span> <span class='ocrx_word' id='word_1_84' title='bbox 1583 1127 1840 1187; x_wconf 84' lang='lat' dir='ltr'>unxistis</span> <span class='ocrx_word' id='word_1_85' title='bbox 1885 1127 2078 1207; x_wconf 83' lang='lat' dir='ltr'>primi.</span> <span class='ocrx_word' id='word_1_86' title='bbox 2162 1128 2348 1191; x_wconf 83' lang='lat' dir='ltr'>Vobis</span> <span class='ocrx_word' id='word_1_87' title='bbox 2377 1131 2554 1191; x_wconf 76' lang='lat' dir='ltr'>etiam</span> <span class='ocrx_word' id='word_1_88' title='bbox 2607 1132 2800 1191; x_wconf 77' lang='lat' dir='ltr'>Athe-</span> 
     </span>
     <span class='ocr_line' id='line_1_10' title="bbox 491 1219 2798 1301; baseline -0 -14"><span class='ocrx_word' id='word_1_89' title='bbox 491 1226 794 1287; x_wconf 85' lang='lat' dir='ltr'>niensibus</span> <span class='ocrx_word' id='word_1_90' title='bbox 862 1223 1055 1293; x_wconf 89' lang='lat' dir='ltr'>edico,</span> <span class='ocrx_word' id='word_1_91' title='bbox 1120 1232 1189 1281; x_wconf 89' lang='lat' dir='ltr'>ut</span> <span class='ocrx_word' id='word_1_92' title='bbox 1254 1219 1544 1281; x_wconf 88' lang='lat' dir='ltr'>desinatis</span> <span class='ocrx_word' id='word_1_93' title='bbox 1613 1220 1714 1280; x_wconf 89' lang='lat' dir='ltr'>isti</span> <span class='ocrx_word' id='word_1_94' title='bbox 1779 1219 2086 1283; x_wconf 75' lang='lat' dir='ltr'>adhaerere</span> <span class='ocrx_word' id='word_1_95' title='bbox 2154 1223 2331 1301; x_wconf 88' lang='lat' dir='ltr'>parti,</span> <span class='ocrx_word' id='word_1_96' title='bbox 2399 1222 2562 1283; x_wconf 86' lang='lat' dir='ltr'>unde</span> <span class='ocrx_word' id='word_1_97' title='bbox 2633 1244 2798 1287; x_wconf 80' lang='lat' dir='ltr'>nunc</span> 
     </span>
     <span class='ocr_line' id='line_1_11' title="bbox 488 1313 2802 1395; baseline 0 -16"><span class='ocrx_word' id='word_1_98' title='bbox 488 1318 761 1379; x_wconf 78' lang='lat' dir='ltr'><strong>trahitis:</strong></span> <span class='ocrx_word' id='word_1_99' title='bbox 812 1337 933 1377; x_wconf 90' lang='lat' dir='ltr'>non</span> <span class='ocrx_word' id='word_1_100' title='bbox 962 1316 1119 1376; x_wconf 88' lang='lat' dir='ltr'>enim</span> <span class='ocrx_word' id='word_1_101' title='bbox 1162 1315 1277 1375; x_wconf 87' lang='lat' dir='ltr'>nisi</span> <span class='ocrx_word' id='word_1_102' title='bbox 1314 1313 1558 1393; x_wconf 86' lang='lat' dir='ltr'>judiciis</span> <span class='ocrx_word' id='word_1_103' title='bbox 1601 1313 1950 1375; x_wconf 79' lang='lat' dir='ltr'>exercendis</span> <span class='ocrx_word' id='word_1_104' title='bbox 1999 1316 2275 1395; x_wconf 87' lang='lat' dir='ltr'>occupati</span> <span class='ocrx_word' id='word_1_105' title='bbox 2323 1317 2488 1379; x_wconf 84' lang='lat' dir='ltr'>estis.</span> <span class='ocrx_word' id='word_1_106' title='bbox 2573 1318 2698 1378; x_wconf 86' lang='lat' dir='ltr'>Sed</span> <span class='ocrx_word' id='word_1_107' title='bbox 2747 1322 2802 1380; x_wconf 87' lang='lat' dir='ltr'>si</span> 
     </span>
     <span class='ocr_line' id='line_1_12' title="bbox 488 1406 2802 1491; baseline 0 -19"><span class='ocrx_word' id='word_1_108' title='bbox 488 1410 705 1491; x_wconf 86' lang='lat' dir='ltr'>cupitis</span> <span class='ocrx_word' id='word_1_109' title='bbox 730 1410 889 1471; x_wconf 90' lang='lat' dir='ltr'>illam</span> <span class='ocrx_word' id='word_1_110' title='bbox 918 1408 1249 1481; x_wconf 76' lang='lat' dir='ltr'>extrahere,</span> <span class='ocrx_word' id='word_1_111' title='bbox 1278 1408 1356 1468; x_wconf 89' lang='lat' dir='ltr'>ad</span> <span class='ocrx_word' id='word_1_112' title='bbox 1380 1426 1541 1467; x_wconf 88' lang='lat' dir='ltr'>mare</span> <span class='ocrx_word' id='word_1_113' title='bbox 1583 1406 1854 1467; x_wconf 86' lang='lat' dir='ltr'>nonnihil</span> <span class='ocrx_word' id='word_1_114' title='bbox 1897 1407 2180 1469; x_wconf 82' lang='lat' dir='ltr'>recedite.</span> <span class='ocrx_word' id='word_1_115' title='bbox 2263 1410 2481 1471; x_wconf 73' lang='lat' dir='ltr'>Cnoa.</span> <span class='ocrx_word' id='word_1_116' title='bbox 2511 1411 2716 1491; x_wconf 83' lang='lat' dir='ltr'>Agite,</span> <span class='ocrx_word' id='word_1_117' title='bbox 2759 1432 2802 1473; x_wconf 89' lang='lat' dir='ltr'>o</span> 
     </span>
     <span class='ocr_line' id='line_1_13' title="bbox 490 1500 2802 1582; baseline 0.001 -17"><span class='ocrx_word' id='word_1_118' title='bbox 490 1505 619 1577; x_wconf 83' lang='lat' dir='ltr'>viri,</span> <span class='ocrx_word' id='word_1_119' title='bbox 648 1522 1035 1582; x_wconf 77' lang='lat' dir='ltr'>capessamus</span> <span class='ocrx_word' id='word_1_120' title='bbox 1052 1501 1177 1581; x_wconf 84' lang='lat' dir='ltr'>jam</span> <span class='ocrx_word' id='word_1_121' title='bbox 1208 1520 1359 1582; x_wconf 90' lang='lat' dir='ltr'>opus</span> <span class='ocrx_word' id='word_1_122' title='bbox 1381 1520 1491 1561; x_wconf 86' lang='lat' dir='ltr'>nos</span> <span class='ocrx_word' id='word_1_123' title='bbox 1520 1500 1634 1560; x_wconf 90' lang='lat' dir='ltr'>soli</span> <span class='ocrx_word' id='word_1_124' title='bbox 1677 1500 1980 1580; x_wconf 72' lang='lat' dir='ltr'>agricolae.</span> <span class='ocrx_word' id='word_1_125' title='bbox 2063 1502 2284 1563; x_wconf 71' lang='lat' dir='ltr'>Meae.</span> <span class='ocrx_word' id='word_1_126' title='bbox 2328 1502 2610 1565; x_wconf 79' lang='lat' dir='ltr'>Procedit</span> <span class='ocrx_word' id='word_1_127' title='bbox 2649 1524 2802 1567; x_wconf 86' lang='lat' dir='ltr'>sane</span> 
     </span>
     <span class='ocr_line' id='line_1_14' title="bbox 488 1594 2804 1679; baseline 0.001 -22"><span class='ocrx_word' id='word_1_128' title='bbox 488 1597 792 1677; x_wconf 82' lang='lat' dir='ltr'>negotium</span> <span class='ocrx_word' id='word_1_129' title='bbox 823 1595 1011 1655; x_wconf 88' lang='lat' dir='ltr'>multo</span> <span class='ocrx_word' id='word_1_130' title='bbox 1040 1595 1231 1674; x_wconf 89' lang='lat' dir='ltr'>magis</span> <span class='ocrx_word' id='word_1_131' title='bbox 1260 1594 1450 1666; x_wconf 83' lang='lat' dir='ltr'>vobis,</span> <span class='ocrx_word' id='word_1_132' title='bbox 1478 1614 1515 1654; x_wconf 94' lang='lat' dir='ltr'>o</span> <span class='ocrx_word' id='word_1_133' title='bbox 1547 1594 1672 1653; x_wconf 82' lang='lat' dir='ltr'>viri.</span> <span class='ocrx_word' id='word_1_134' title='bbox 1749 1594 1966 1654; x_wconf 77' lang='lat' dir='ltr'>Onon.</span> <span class='ocrx_word' id='word_1_135' title='bbox 1996 1596 2100 1654; x_wconf 85' lang='lat' dir='ltr'>Ait</span> <span class='ocrx_word' id='word_1_136' title='bbox 2121 1596 2440 1675; x_wconf 85' lang='lat' dir='ltr'>procedere</span> <span class='ocrx_word' id='word_1_137' title='bbox 2459 1597 2804 1679; x_wconf 82' lang='lat' dir='ltr'>negotium:</span> 
     </span>
     <span class='ocr_line' id='line_1_15' title="bbox 488 1686 2802 1771; baseline 0 -18"><span class='ocrx_word' id='word_1_138' title='bbox 488 1691 594 1753; x_wconf 89' lang='lat' dir='ltr'>sed</span> <span class='ocrx_word' id='word_1_139' title='bbox 624 1690 843 1750; x_wconf 88' lang='lat' dir='ltr'>enitere</span> <span class='ocrx_word' id='word_1_140' title='bbox 870 1688 1138 1768; x_wconf 87' lang='lat' dir='ltr'>quisquis</span> <span class='ocrx_word' id='word_1_141' title='bbox 1170 1687 1334 1749; x_wconf 85' lang='lat' dir='ltr'>ades.</span> <span class='ocrx_word' id='word_1_142' title='bbox 1420 1688 1637 1749; x_wconf 75' lang='lat' dir='ltr'>TaYo.</span> <span class='ocrx_word' id='word_1_143' title='bbox 1667 1686 1941 1749; x_wconf 82' lang='lat' dir='ltr'>Profecto</span> <span class='ocrx_word' id='word_1_144' title='bbox 1972 1688 2084 1749; x_wconf 91' lang='lat' dir='ltr'>soli</span> <span class='ocrx_word' id='word_1_145' title='bbox 2113 1691 2392 1769; x_wconf 80' lang='lat' dir='ltr'>agricolae</span> <span class='ocrx_word' id='word_1_146' title='bbox 2415 1711 2565 1771; x_wconf 88' lang='lat' dir='ltr'>opus</span> <span class='ocrx_word' id='word_1_147' title='bbox 2595 1704 2802 1753; x_wconf 78' lang='lat' dir='ltr'>extra·</span> 
     </span>
     <span class='ocr_line' id='line_1_16' title="bbox 486 1780 2802 1865; baseline 0 -18"><span class='ocrx_word' id='word_1_148' title='bbox 486 1784 686 1847; x_wconf 88' lang='lat' dir='ltr'>hendo</span> <span class='ocrx_word' id='word_1_149' title='bbox 711 1798 1029 1863; x_wconf 86' lang='lat' dir='ltr'>peragunt,</span> <span class='ocrx_word' id='word_1_150' title='bbox 1070 1794 1131 1841; x_wconf 86' lang='lat' dir='ltr'>et</span> <span class='ocrx_word' id='word_1_151' title='bbox 1188 1794 1362 1844; x_wconf 83' lang='lat' dir='ltr'>nemo</span> <span class='ocrx_word' id='word_1_152' title='bbox 1407 1780 1579 1841; x_wconf 83' lang='lat' dir='ltr'>alins.</span> <span class='ocrx_word' id='word_1_153' title='bbox 1667 1780 1886 1841; x_wconf 76' lang='lat' dir='ltr'>Cuon.</span> <span class='ocrx_word' id='word_1_154' title='bbox 1942 1781 2072 1861; x_wconf 86' lang='lat' dir='ltr'>Age</span> <span class='ocrx_word' id='word_1_155' title='bbox 2123 1802 2303 1856; x_wconf 88' lang='lat' dir='ltr'>nunc,</span> <span class='ocrx_word' id='word_1_156' title='bbox 2353 1804 2464 1863; x_wconf 88' lang='lat' dir='ltr'>age</span> <span class='ocrx_word' id='word_1_157' title='bbox 2519 1785 2802 1865; x_wconf 86' lang='lat' dir='ltr'>quisque.</span> 
     </span>
     <span class='ocr_line' id='line_1_17' title="bbox 487 1875 2802 1961; baseline 0 -20"><span class='ocrx_word' id='word_1_158' title='bbox 487 1880 673 1960; x_wconf 81' lang='lat' dir='ltr'>Atqui</span> <span class='ocrx_word' id='word_1_159' title='bbox 692 1881 819 1961; x_wconf 90' lang='lat' dir='ltr'>jam</span> <span class='ocrx_word' id='word_1_160' title='bbox 848 1894 1032 1957; x_wconf 86' lang='lat' dir='ltr'>prope</span> <span class='ocrx_word' id='word_1_161' title='bbox 1058 1886 1187 1933; x_wconf 85' lang='lat' dir='ltr'>est:</span> <span class='ocrx_word' id='word_1_162' title='bbox 1239 1894 1315 1935; x_wconf 88' lang='lat' dir='ltr'>ne</span> <span class='ocrx_word' id='word_1_163' title='bbox 1356 1894 1497 1955; x_wconf 85' lang='lat' dir='ltr'>ergo</span> <span class='ocrx_word' id='word_1_164' title='bbox 1541 1875 1930 1945; x_wconf 85' lang='lat' dir='ltr'>remittamus,</span> <span class='ocrx_word' id='word_1_165' title='bbox 1973 1876 2080 1937; x_wconf 91' lang='lat' dir='ltr'>sed</span> <span class='ocrx_word' id='word_1_166' title='bbox 2121 1877 2498 1939; x_wconf 80' lang='lat' dir='ltr'>intendamus</span> <span class='ocrx_word' id='word_1_167' title='bbox 2542 1880 2755 1940; x_wconf 80' lang='lat' dir='ltr'>fortius</span> <span class='ocrx_word' id='word_1_168' title='bbox 2781 1900 2802 1941; x_wconf 70' lang='grc' dir='ltr'><strong><em>ε</em></strong></span> 
     </span>
     <span class='ocr_line' id='line_1_18' title="bbox 480 1968 2804 2053; baseline -0 -19"><span class='ocrx_word' id='word_1_169' title='bbox 480 1972 723 2053; x_wconf 87' lang='lat' dir='ltr'>jamjam</span> <span class='ocrx_word' id='word_1_170' title='bbox 748 1972 1085 2033; x_wconf 82' lang='lat' dir='ltr'>confectum</span> <span class='ocrx_word' id='word_1_171' title='bbox 1116 1978 1209 2027; x_wconf 85' lang='lat' dir='ltr'>est</span> <span class='ocrx_word' id='word_1_172' title='bbox 1238 1970 1564 2047; x_wconf 85' lang='lat' dir='ltr'>negotium.</span> <span class='ocrx_word' id='word_1_173' title='bbox 1631 1968 1684 2027; x_wconf 94' lang='grc' dir='ltr'>Ο</span> <span class='ocrx_word' id='word_1_174' title='bbox 1715 1969 1812 2028; x_wconf 86' lang='lat' dir='ltr'>eia</span> <span class='ocrx_word' id='word_1_175' title='bbox 1837 1988 2017 2039; x_wconf 80' lang='lat' dir='ltr'>nunc,</span> <span class='ocrx_word' id='word_1_176' title='bbox 2049 1988 2086 2030; x_wconf 94' lang='lat' dir='ltr'>o</span> <span class='ocrx_word' id='word_1_177' title='bbox 2109 1970 2202 2031; x_wconf 89' lang='lat' dir='ltr'>eia</span> <span class='ocrx_word' id='word_1_178' title='bbox 2229 1990 2470 2040; x_wconf 79' lang='lat' dir='ltr'>omnes3</span> <span class='ocrx_word' id='word_1_179' title='bbox 2499 1992 2535 2032; x_wconf 93' lang='lat' dir='ltr'>o</span> <span class='ocrx_word' id='word_1_180' title='bbox 2557 1973 2654 2033; x_wconf 89' lang='lat' dir='ltr'>eia</span> <span class='ocrx_word' id='word_1_181' title='bbox 2681 1973 2804 2045; x_wconf 85' lang='lat' dir='ltr'>eia,</span> 
     </span>
     <span class='ocr_line' id='line_1_19' title="bbox 487 2061 2805 2147; baseline 0 -20"><span class='ocrx_word' id='word_1_182' title='bbox 487 2086 525 2127; x_wconf 96' lang='lat' dir='ltr'>o</span> <span class='ocrx_word' id='word_1_183' title='bbox 547 2068 640 2127; x_wconf 88' lang='lat' dir='ltr'>eia</span> <span class='ocrx_word' id='word_1_184' title='bbox 660 2068 773 2138; x_wconf 81' lang='lat' dir='ltr'>eia,</span> <span class='ocrx_word' id='word_1_185' title='bbox 792 2085 837 2125; x_wconf 84' lang='grc' dir='ltr'>-ο</span> <span class='ocrx_word' id='word_1_186' title='bbox 854 2064 946 2125; x_wconf 88' lang='lat' dir='ltr'>eia</span> <span class='ocrx_word' id='word_1_187' title='bbox 966 2065 1079 2137; x_wconf 86' lang='lat' dir='ltr'>eia,</span> <span class='ocrx_word' id='word_1_188' title='bbox 1100 2084 1135 2123; x_wconf 94' lang='grc' dir='ltr'>ο</span> <span class='ocrx_word' id='word_1_189' title='bbox 1164 2062 1255 2120; x_wconf 81' lang='lat' dir='ltr'>eia</span> <span class='ocrx_word' id='word_1_190' title='bbox 1284 2081 1512 2121; x_wconf 91' lang='lat' dir='ltr'>omnes.</span> <span class='ocrx_word' id='word_1_191' title='bbox 1555 2063 1775 2123; x_wconf 73' lang='lat' dir='ltr'>Tam.</span> <span class='ocrx_word' id='word_1_192' title='bbox 1803 2061 1856 2120; x_wconf 94' lang='grc' dir='ltr'>Ο</span> <span class='ocrx_word' id='word_1_193' title='bbox 1890 2062 2046 2123; x_wconf 83' lang='lat' dir='ltr'>Diva</span> <span class='ocrx_word' id='word_1_194' title='bbox 2077 2084 2318 2125; x_wconf 82' lang='lat' dir='ltr'>uvarum</span> <span class='ocrx_word' id='word_1_195' title='bbox 2343 2065 2560 2140; x_wconf 81' lang='lat' dir='ltr'>datrix,</span> <span class='ocrx_word' id='word_1_196' title='bbox 2587 2085 2714 2147; x_wconf 81' lang='lat' dir='ltr'>qua.</span> <span class='ocrx_word' id='word_1_197' title='bbox 2739 2077 2805 2129; x_wconf 84' lang='lat' dir='ltr'>te</span> 
     </span>
     <span class='ocr_line' id='line_1_20' title="bbox 486 2155 2802 2241; baseline 0 -20"><span class='ocrx_word' id='word_1_198' title='bbox 486 2159 835 2241; x_wconf 71' lang='lat' dir='ltr'>compellem</span> <span class='ocrx_word' id='word_1_199' title='bbox 863 2156 1173 2219; x_wconf 76' lang='lat' dir='ltr'>oratione?</span> <span class='ocrx_word' id='word_1_200' title='bbox 1217 2156 1375 2215; x_wconf 87' lang='lat' dir='ltr'>unde</span> <span class='ocrx_word' id='word_1_201' title='bbox 1407 2176 1636 2215; x_wconf 87' lang='lat' dir='ltr'>sumam</span> <span class='ocrx_word' id='word_1_202' title='bbox 1667 2156 1906 2215; x_wconf 83' lang='lat' dir='ltr'>verbum</span> <span class='ocrx_word' id='word_1_203' title='bbox 1937 2155 2137 2219; x_wconf 84' lang='lat' dir='ltr'>decies</span> <span class='ocrx_word' id='word_1_204' title='bbox 2177 2157 2336 2219; x_wconf 88' lang='lat' dir='ltr'>mille</span> <span class='ocrx_word' id='word_1_205' title='bbox 2379 2159 2802 2238; x_wconf 80' lang='lat' dir='ltr'>amphorarum</span> 
     </span>
     <span class='ocr_line' id='line_1_21' title="bbox 486 2248 2804 2333; baseline 0 -20"><span class='ocrx_word' id='word_1_206' title='bbox 486 2272 699 2333; x_wconf 87' lang='lat' dir='ltr'>capax,</span> <span class='ocrx_word' id='word_1_207' title='bbox 727 2272 847 2331; x_wconf 89' lang='lat' dir='ltr'>quo</span> <span class='ocrx_word' id='word_1_208' title='bbox 878 2263 935 2312; x_wconf 93' lang='lat' dir='ltr'>te</span> <span class='ocrx_word' id='word_1_209' title='bbox 966 2248 1263 2311; x_wconf 73' lang='lat' dir='ltr'>salutem?</span> <span class='ocrx_word' id='word_1_210' title='bbox 1311 2270 1429 2309; x_wconf 88' lang='lat' dir='ltr'>non</span> <span class='ocrx_word' id='word_1_211' title='bbox 1462 2250 1618 2309; x_wconf 90' lang='lat' dir='ltr'>enim</span> <span class='ocrx_word' id='word_1_212' title='bbox 1649 2248 1840 2309; x_wconf 88' lang='lat' dir='ltr'>habeo</span> <span class='ocrx_word' id='word_1_213' title='bbox 1875 2248 2072 2311; x_wconf 90' lang='lat' dir='ltr'>domo.</span> <span class='ocrx_word' id='word_1_214' title='bbox 2165 2250 2220 2309; x_wconf 94' lang='grc' dir='ltr'><strong>Ο</strong></span> <span class='ocrx_word' id='word_1_215' title='bbox 2249 2252 2436 2326; x_wconf 82' lang='lat' dir='ltr'>salve,</span> <span class='ocrx_word' id='word_1_216' title='bbox 2467 2252 2692 2333; x_wconf 87' lang='lat' dir='ltr'>Opora,</span> <span class='ocrx_word' id='word_1_217' title='bbox 2733 2264 2804 2314; x_wconf 86' lang='lat' dir='ltr'>et</span> 
     </span>
     <span class='ocr_line' id='line_1_22' title="bbox 488 2342 2805 2425; baseline -0.001 -16"><span class='ocrx_word' id='word_1_218' title='bbox 488 2360 553 2409; x_wconf 87' lang='lat' dir='ltr'>tu</span> <span class='ocrx_word' id='word_1_219' title='bbox 574 2348 804 2408; x_wconf 90' lang='lat' dir='ltr'>etiamo</span> <span class='ocrx_word' id='word_1_220' title='bbox 831 2346 1103 2407; x_wconf 87' lang='lat' dir='ltr'>Theoria.</span> <span class='ocrx_word' id='word_1_221' title='bbox 1186 2344 1240 2402; x_wconf 92' lang='grc' dir='ltr'>Ο</span> <span class='ocrx_word' id='word_1_222' title='bbox 1272 2342 1467 2423; x_wconf 86' lang='lat' dir='ltr'>qualis</span> <span class='ocrx_word' id='word_1_223' title='bbox 1490 2356 1586 2404; x_wconf 84' lang='lat' dir='ltr'>est</span> <span class='ocrx_word' id='word_1_224' title='bbox 1606 2342 1806 2403; x_wconf 84' lang='lat' dir='ltr'>vultus</span> <span class='ocrx_word' id='word_1_225' title='bbox 1841 2343 1970 2415; x_wconf 91' lang='lat' dir='ltr'>tibi,</span> <span class='ocrx_word' id='word_1_226' title='bbox 2013 2363 2050 2403; x_wconf 92' lang='lat' dir='ltr'>o</span> <span class='ocrx_word' id='word_1_227' title='bbox 2091 2344 2380 2405; x_wconf 86' lang='lat' dir='ltr'>Theoria!</span> <span class='ocrx_word' id='word_1_228' title='bbox 2437 2366 2475 2405; x_wconf 92' lang='lat' dir='ltr'>o</span> <span class='ocrx_word' id='word_1_229' title='bbox 2515 2346 2692 2425; x_wconf 84' lang='lat' dir='ltr'>quale</span> <span class='ocrx_word' id='word_1_230' title='bbox 2733 2358 2805 2407; x_wconf 84' lang='lat' dir='ltr'>et</span> 
     </span>
     <span class='ocr_line' id='line_1_23' title="bbox 487 2434 2806 2522; baseline 0 -21"><span class='ocrx_word' id='word_1_231' title='bbox 487 2459 667 2522; x_wconf 86' lang='lat' dir='ltr'>qnam</span> <span class='ocrx_word' id='word_1_232' title='bbox 696 2460 879 2501; x_wconf 82' lang='lat' dir='ltr'>suave</span> <span class='ocrx_word' id='word_1_233' title='bbox 908 2439 1097 2519; x_wconf 85' lang='lat' dir='ltr'>spiras</span> <span class='ocrx_word' id='word_1_234' title='bbox 1128 2434 1333 2497; x_wconf 87' lang='lat' dir='ltr'>intimo</span> <span class='ocrx_word' id='word_1_235' title='bbox 1362 2437 1562 2506; x_wconf 88' lang='lat' dir='ltr'>corde.</span> <span class='ocrx_word' id='word_1_236' title='bbox 1595 2436 2020 2510; x_wconf 85' lang='lat' dir='ltr'>dulcissimum,</span> <span class='ocrx_word' id='word_1_237' title='bbox 2049 2441 2219 2518; x_wconf 87' lang='lat' dir='ltr'>quasi</span> <span class='ocrx_word' id='word_1_238' title='bbox 2249 2440 2620 2501; x_wconf 78' lang='lat' dir='ltr'>vacationem</span> <span class='ocrx_word' id='word_1_239' title='bbox 2643 2440 2806 2501; x_wconf 86' lang='lat' dir='ltr'>mili-</span> 
     </span>
     <span class='ocr_line' id='line_1_24' title="bbox 486 2530 2800 2613; baseline -0.001 -15"><span class='ocrx_word' id='word_1_240' title='bbox 486 2534 587 2613; x_wconf 59' lang='lat' dir='ltr'>tire</span> <span class='ocrx_word' id='word_1_241' title='bbox 614 2544 676 2593; x_wconf 89' lang='lat' dir='ltr'>et</span> <span class='ocrx_word' id='word_1_242' title='bbox 702 2537 1110 2613; x_wconf 79' lang='lat' dir='ltr'>unguentum!</span> <span class='ocrx_word' id='word_1_243' title='bbox 1140 2550 1280 2593; x_wconf 89' lang='lat' dir='ltr'>num</span> <span class='ocrx_word' id='word_1_244' title='bbox 1304 2551 1445 2610; x_wconf 88' lang='lat' dir='ltr'>ergo</span> <span class='ocrx_word' id='word_1_245' title='bbox 1470 2530 1675 2591; x_wconf 88' lang='lat' dir='ltr'>similis</span> <span class='ocrx_word' id='word_1_246' title='bbox 1699 2543 1792 2591; x_wconf 90' lang='lat' dir='ltr'>est</span> <span class='ocrx_word' id='word_1_247' title='bbox 1813 2531 1962 2591; x_wconf 87' lang='lat' dir='ltr'>odor</span> <span class='ocrx_word' id='word_1_248' title='bbox 1985 2545 2204 2613; x_wconf 79' lang='lat' dir='ltr'>sportoe</span> <span class='ocrx_word' id='word_1_249' title='bbox 2224 2532 2532 2593; x_wconf 74' lang='lat' dir='ltr'>militaris?</span> <span class='ocrx_word' id='word_1_250' title='bbox 2575 2534 2800 2595; x_wconf 71' lang='lat' dir='ltr'>Cnoa.</span> 
     </span>
     <span class='ocr_line' id='line_1_25' title="bbox 492 2614 2802 2689; baseline 0 -2"><span class='ocrx_word' id='word_1_251' title='bbox 492 2626 817 2689; x_wconf 86' lang='lat' dir='ltr'>Abominor</span> <span class='ocrx_word' id='word_1_252' title='bbox 838 2627 1055 2687; x_wconf 89' lang='lat' dir='ltr'>inimici</span> <span class='ocrx_word' id='word_1_253' title='bbox 1080 2614 1331 2687; x_wconf 72' lang='lat' dir='ltr'>hominis</span> <span class='ocrx_word' id='word_1_254' title='bbox 1353 2624 1799 2685; x_wconf 81' lang='lat' dir='ltr'>infestissimum</span> <span class='ocrx_word' id='word_1_255' title='bbox 1824 2645 1929 2685; x_wconf 85' lang='lat' dir='ltr'>vas</span> <span class='ocrx_word' id='word_1_256' title='bbox 1952 2630 2176 2687; x_wconf 70' lang='lat' dir='ltr'>teritum</span> <span class='ocrx_word' id='word_1_257' title='bbox 2193 2626 2444 2687; x_wconf 82' lang='lat' dir='ltr'>vimine:</span> <span class='ocrx_word' id='word_1_258' title='bbox 2466 2626 2615 2686; x_wconf 89' lang='lat' dir='ltr'>illud</span> <span class='ocrx_word' id='word_1_259' title='bbox 2637 2628 2802 2687; x_wconf 79' lang='lat' dir='ltr'>enim</span> 
     </span>
     <span class='ocr_line' id='line_1_26' title="bbox 488 2718 2806 2800; baseline -0.001 -19"><span class='ocrx_word' id='word_1_260' title='bbox 488 2722 610 2781; x_wconf 90' lang='lat' dir='ltr'>olet</span> <span class='ocrx_word' id='word_1_261' title='bbox 642 2732 871 2781; x_wconf 88' lang='lat' dir='ltr'>ructum</span> <span class='ocrx_word' id='word_1_262' title='bbox 900 2721 1135 2789; x_wconf 85' lang='lat' dir='ltr'>acidum</span> <span class='ocrx_word' id='word_1_263' title='bbox 1165 2738 1329 2799; x_wconf 74' lang='lat' dir='ltr'>cepae</span> <span class='ocrx_word' id='word_1_264' title='bbox 1354 2739 1373 2785; x_wconf 86' lang='lat'>;</span> <span class='ocrx_word' id='word_1_265' title='bbox 1417 2719 1549 2779; x_wconf 79' lang='lat' dir='ltr'>haec</span> <span class='ocrx_word' id='word_1_266' title='bbox 1577 2729 1771 2779; x_wconf 88' lang='lat' dir='ltr'>autem</span> <span class='ocrx_word' id='word_1_267' title='bbox 1803 2719 1926 2791; x_wconf 76' lang='lat' dir='ltr'>olet</span> <span class='ocrx_word' id='word_1_268' title='bbox 1952 2738 2151 2800; x_wconf 84' lang='lat' dir='ltr'>poma,</span> <span class='ocrx_word' id='word_1_269' title='bbox 2178 2718 2531 2792; x_wconf 83' lang='lat' dir='ltr'>convivium,</span> <span class='ocrx_word' id='word_1_270' title='bbox 2566 2720 2806 2800; x_wconf 71' lang='lat' dir='ltr'>Diony-¹</span> 
     </span>
     <span class='ocr_line' id='line_1_27' title="bbox 488 2811 2802 2893; baseline -0.002 -16"><span class='ocrx_word' id='word_1_271' title='bbox 488 2816 597 2887; x_wconf 86' lang='lat' dir='ltr'>sia,</span> <span class='ocrx_word' id='word_1_272' title='bbox 627 2814 825 2886; x_wconf 87' lang='lat' dir='ltr'>tibias,</span> <span class='ocrx_word' id='word_1_273' title='bbox 852 2814 1175 2893; x_wconf 86' lang='lat' dir='ltr'>tragoedos‚</span> <span class='ocrx_word' id='word_1_274' title='bbox 1218 2812 1535 2893; x_wconf 86' lang='lat' dir='ltr'>Sophoclis</span> <span class='ocrx_word' id='word_1_275' title='bbox 1585 2811 2148 2885; x_wconf 83' lang='lat' dir='ltr'>carmina„tnrdos,</span> <span class='ocrx_word' id='word_1_276' title='bbox 2190 2814 2514 2877; x_wconf 83' lang='lat' dir='ltr'>versiculos</span> <span class='ocrx_word' id='word_1_277' title='bbox 2563 2814 2802 2893; x_wconf 85' lang='lat' dir='ltr'>Euripi-</span> 
     </span>
     <span class='ocr_line' id='line_1_28' title="bbox 486 2906 2804 2987; baseline 0 -18"><span class='ocrx_word' id='word_1_278' title='bbox 486 2907 665 2969; x_wconf 87' lang='lat' dir='ltr'>dis—</span> <span class='ocrx_word' id='word_1_279' title='bbox 742 2906 963 2969; x_wconf 63' lang='lat' dir='ltr'>Taso.</span> <span class='ocrx_word' id='word_1_280' title='bbox 994 2906 1172 2967; x_wconf 89' lang='lat' dir='ltr'>Plora</span> <span class='ocrx_word' id='word_1_281' title='bbox 1202 2918 1262 2967; x_wconf 93' lang='lat' dir='ltr'>tu</span> <span class='ocrx_word' id='word_1_282' title='bbox 1294 2906 1561 2986; x_wconf 87' lang='lat' dir='ltr'>quidem,</span> <span class='ocrx_word' id='word_1_283' title='bbox 1590 2908 1838 2987; x_wconf 86' lang='lat' dir='ltr'>quieam</span> <span class='ocrx_word' id='word_1_284' title='bbox 1873 2906 2028 2967; x_wconf 83' lang='lat' dir='ltr'>falso</span> <span class='ocrx_word' id='word_1_285' title='bbox 2069 2906 2414 2969; x_wconf 82' lang='lat' dir='ltr'>insimulas:</span> <span class='ocrx_word' id='word_1_286' title='bbox 2473 2924 2596 2965; x_wconf 91' lang='lat' dir='ltr'>non</span> <span class='ocrx_word' id='word_1_287' title='bbox 2635 2906 2804 2969; x_wconf 85' lang='lat' dir='ltr'>euim</span> 
     </span>
     <span class='ocr_line' id='line_1_29' title="bbox 487 2998 2804 3079; baseline -0.001 -18"><span class='ocrx_word' id='word_1_288' title='bbox 487 3001 821 3063; x_wconf 81' lang='lat' dir='ltr'>delectatur</span> <span class='ocrx_word' id='word_1_289' title='bbox 844 3001 1163 3063; x_wconf 82' lang='lat' dir='ltr'>forensium</span> <span class='ocrx_word' id='word_1_290' title='bbox 1194 3000 1696 3075; x_wconf 74' lang='lat' dir='ltr'>oratiuncularum</span> <span class='ocrx_word' id='word_1_291' title='bbox 1727 3000 1974 3061; x_wconf 79' lang='lat' dir='ltr'>artifice.</span> <span class='ocrx_word' id='word_1_292' title='bbox 2051 3000 2265 3063; x_wconf 75' lang='lat' dir='ltr'>Cnoa.</span> <span class='ocrx_word' id='word_1_293' title='bbox 2296 2998 2616 3071; x_wconf 87' lang='lat' dir='ltr'>Hederam,</span> <span class='ocrx_word' id='word_1_294' title='bbox 2645 3019 2804 3079; x_wconf 82' lang='lat' dir='ltr'>qna·</span> 
     </span>
     <span class='ocr_line' id='line_1_30' title="bbox 486 3091 2800 3175; baseline 0 -22"><span class='ocrx_word' id='word_1_295' title='bbox 486 3093 611 3153; x_wconf 90' lang='lat' dir='ltr'>lum</span> <span class='ocrx_word' id='word_1_296' title='bbox 639 3114 759 3173; x_wconf 86' lang='lat' dir='ltr'>quo</span> <span class='ocrx_word' id='word_1_297' title='bbox 788 3104 1045 3153; x_wconf 86' lang='lat' dir='ltr'>mustum</span> <span class='ocrx_word' id='word_1_298' title='bbox 1071 3094 1427 3175; x_wconf 86' lang='lat' dir='ltr'>percolatur,</span> <span class='ocrx_word' id='word_1_299' title='bbox 1448 3093 1722 3155; x_wconf 85' lang='lat' dir='ltr'>balantes</span> <span class='ocrx_word' id='word_1_300' title='bbox 1750 3112 1913 3166; x_wconf 82' lang='lat' dir='ltr'>oves,</span> <span class='ocrx_word' id='word_1_301' title='bbox 1941 3092 2132 3153; x_wconf 87' lang='lat' dir='ltr'>sinum</span> <span class='ocrx_word' id='word_1_302' title='bbox 2158 3092 2463 3155; x_wconf 79' lang='lat' dir='ltr'>mulierum</span> <span class='ocrx_word' id='word_1_303' title='bbox 2484 3091 2563 3153; x_wconf 87' lang='lat' dir='ltr'>ad</span> <span class='ocrx_word' id='word_1_304' title='bbox 2583 3092 2800 3156; x_wconf 78' lang='lat' dir='ltr'>furnos</span> 
     </span>
     <span class='ocr_line' id='line_1_31' title="bbox 486 3186 2803 3267; baseline 0 -20"><span class='ocrx_word' id='word_1_305' title='bbox 486 3186 917 3259; x_wconf 87' lang='lat' dir='ltr'>cursitantium,</span> <span class='ocrx_word' id='word_1_306' title='bbox 942 3188 1217 3249; x_wconf 86' lang='lat' dir='ltr'>ancillam</span> <span class='ocrx_word' id='word_1_307' title='bbox 1248 3186 1654 3260; x_wconf 79' lang='lat' dir='ltr'>temulentam,</span> <span class='ocrx_word' id='word_1_308' title='bbox 1684 3188 1981 3247; x_wconf 80' lang='lat' dir='ltr'>inversum</span> <span class='ocrx_word' id='word_1_309' title='bbox 2009 3188 2312 3267; x_wconf 87' lang='lat' dir='ltr'>congium,</span> <span class='ocrx_word' id='word_1_310' title='bbox 2341 3186 2577 3266; x_wconf 86' lang='lat' dir='ltr'>aliaque</span> <span class='ocrx_word' id='word_1_311' title='bbox 2603 3186 2803 3247; x_wconf 83' lang='lat' dir='ltr'>multa</span> 
     </span>
     <span class='ocr_line' id='line_1_32' title="bbox 486 3278 2805 3361; baseline -0 -19"><span class='ocrx_word' id='word_1_312' title='bbox 486 3294 549 3343; x_wconf 89' lang='lat' dir='ltr'>et</span> <span class='ocrx_word' id='word_1_313' title='bbox 576 3283 755 3343; x_wconf 87' lang='lat' dir='ltr'>bona.</span> <span class='ocrx_word' id='word_1_314' title='bbox 841 3281 905 3341; x_wconf 90' lang='lat' dir='ltr'><strong>M</strong></span> <span class='ocrx_word' id='word_1_315' title='bbox 912 3300 1059 3343; x_wconf 71' lang='lat' dir='ltr'>nac.</span> <span class='ocrx_word' id='word_1_316' title='bbox 1082 3281 1213 3361; x_wconf 86' lang='lat' dir='ltr'>Age</span> <span class='ocrx_word' id='word_1_317' title='bbox 1242 3279 1485 3359; x_wconf 84' lang='lat' dir='ltr'>adspice</span> <span class='ocrx_word' id='word_1_318' title='bbox 1514 3300 1698 3351; x_wconf 87' lang='lat' dir='ltr'>nunc,</span> <span class='ocrx_word' id='word_1_319' title='bbox 1727 3290 1796 3341; x_wconf 84' lang='lat' dir='ltr'>ut</span> <span class='ocrx_word' id='word_1_320' title='bbox 1815 3281 1966 3341; x_wconf 84' lang='lat' dir='ltr'>inter</span> <span class='ocrx_word' id='word_1_321' title='bbox 1995 3301 2062 3355; x_wconf 82' lang='lat' dir='ltr'>se</span> <span class='ocrx_word' id='word_1_322' title='bbox 2085 3280 2544 3341; x_wconf 82' lang='lat' dir='ltr'>confabulantur</span> <span class='ocrx_word' id='word_1_323' title='bbox 2587 3278 2805 3341; x_wconf 73' lang='lat' dir='ltr'>civita-</span> 
     </span>
     <span class='ocr_line' id='line_1_33' title="bbox 486 3373 2802 3449; baseline 0 -14"><span class='ocrx_word' id='word_1_324' title='bbox 486 3386 577 3437; x_wconf 85' lang='lat' dir='ltr'>tes</span> <span class='ocrx_word' id='word_1_325' title='bbox 600 3374 1019 3449; x_wconf 80' lang='lat' dir='ltr'>reconciliatae,</span> <span class='ocrx_word' id='word_1_326' title='bbox 1048 3384 1109 3434; x_wconf 90' lang='lat' dir='ltr'>et</span> <span class='ocrx_word' id='word_1_327' title='bbox 1132 3374 1331 3435; x_wconf 86' lang='lat' dir='ltr'>rident</span> <span class='ocrx_word' id='word_1_328' title='bbox 1355 3373 1584 3435; x_wconf 84' lang='lat' dir='ltr'>lubenti</span> <span class='ocrx_word' id='word_1_329' title='bbox 1614 3374 1832 3447; x_wconf 86' lang='lat' dir='ltr'>animo,</span> <span class='ocrx_word' id='word_1_330' title='bbox 1851 3376 2084 3437; x_wconf 81' lang='lat' dir='ltr'>tametsi</span> <span class='ocrx_word' id='word_1_331' title='bbox 2109 3385 2250 3435; x_wconf 86' lang='lat' dir='ltr'>sunt</span> <span class='ocrx_word' id='word_1_332' title='bbox 2273 3393 2478 3435; x_wconf 83' lang='lat' dir='ltr'>ornnes</span> <span class='ocrx_word' id='word_1_333' title='bbox 2501 3374 2708 3433; x_wconf 82' lang='lat' dir='ltr'>mirum</span> <span class='ocrx_word' id='word_1_334' title='bbox 2731 3376 2802 3436; x_wconf 86' lang='lat' dir='ltr'>in</span> 
     </span>
     <span class='ocr_line' id='line_1_34' title="bbox 488 3467 2807 3549; baseline 0 -20"><span class='ocrx_word' id='word_1_335' title='bbox 488 3467 729 3529; x_wconf 86' lang='lat' dir='ltr'>modum</span> <span class='ocrx_word' id='word_1_336' title='bbox 750 3468 1113 3549; x_wconf 78' lang='lat' dir='ltr'>suggillatoe,</span> <span class='ocrx_word' id='word_1_337' title='bbox 1142 3480 1205 3529; x_wconf 90' lang='lat' dir='ltr'>et</span> <span class='ocrx_word' id='word_1_338' title='bbox 1224 3468 1624 3529; x_wconf 86' lang='lat' dir='ltr'>cucurbitulas</span> <span class='ocrx_word' id='word_1_339' title='bbox 1643 3468 1768 3529; x_wconf 82' lang='lat' dir='ltr'>cuti</span> <span class='ocrx_word' id='word_1_340' title='bbox 1795 3468 2154 3531; x_wconf 67' lang='lat' dir='ltr'>inherentes</span> <span class='ocrx_word' id='word_1_341' title='bbox 2185 3468 2426 3532; x_wconf 71' lang='lat' dir='ltr'>habent.</span> <span class='ocrx_word' id='word_1_342' title='bbox 2467 3468 2686 3529; x_wconf 60' lang='lat' dir='ltr'>Taro-</span> <span class='ocrx_word' id='word_1_343' title='bbox 2719 3468 2807 3530; x_wconf 79' lang='lat' dir='ltr'>Et</span> 
     </span>
     <span class='ocr_line' id='line_1_35' title="bbox 486 3562 2805 3645; baseline 0 -23"><span class='ocrx_word' id='word_1_344' title='bbox 486 3562 695 3623; x_wconf 88' lang='lat' dir='ltr'>horum</span> <span class='ocrx_word' id='word_1_345' title='bbox 715 3563 891 3623; x_wconf 88' lang='lat' dir='ltr'>etiam</span> <span class='ocrx_word' id='word_1_346' title='bbox 921 3575 1320 3645; x_wconf 85' lang='lat' dir='ltr'>spectatorum</span> <span class='ocrx_word' id='word_1_347' title='bbox 1348 3563 1574 3626; x_wconf 88' lang='lat' dir='ltr'>intuere</span> <span class='ocrx_word' id='word_1_348' title='bbox 1603 3562 1822 3634; x_wconf 86' lang='lat' dir='ltr'>vultus,</span> <span class='ocrx_word' id='word_1_349' title='bbox 1849 3571 1916 3622; x_wconf 92' lang='lat' dir='ltr'>ut</span> <span class='ocrx_word' id='word_1_350' title='bbox 1941 3581 2275 3643; x_wconf 84' lang='lat' dir='ltr'>cognoscas</span> <span class='ocrx_word' id='word_1_351' title='bbox 2303 3562 2668 3642; x_wconf 83' lang='lat' dir='ltr'>singulorum</span> <span class='ocrx_word' id='word_1_352' title='bbox 2699 3579 2805 3622; x_wconf 84' lang='lat' dir='ltr'>ar·</span> 
     </span>
     <span class='ocr_line' id='line_1_36' title="bbox 489 3652 2802 3721; baseline -0.002 -4"><span class='ocrx_word' id='word_1_353' title='bbox 489 3666 631 3717; x_wconf 89' lang='lat' dir='ltr'>tem.</span> <span class='ocrx_word' id='word_1_354' title='bbox 714 3656 935 3719; x_wconf 69' lang='lat' dir='ltr'>Meae.</span> <span class='ocrx_word' id='word_1_355' title='bbox 960 3658 1075 3721; x_wconf 85' lang='lat' dir='ltr'>Hei</span> <span class='ocrx_word' id='word_1_356' title='bbox 1098 3660 1309 3721; x_wconf 78' lang='lat' dir='ltr'>miser!</span> <span class='ocrx_word' id='word_1_357' title='bbox 1368 3660 1553 3719; x_wconf 85' lang='lat' dir='ltr'>Istum</span> <span class='ocrx_word' id='word_1_358' title='bbox 1578 3657 1732 3717; x_wconf 88' lang='lat' dir='ltr'>enim</span> <span class='ocrx_word' id='word_1_359' title='bbox 1762 3655 2073 3717; x_wconf 81' lang='lat' dir='ltr'>cristarum</span> <span class='ocrx_word' id='word_1_360' title='bbox 2095 3655 2374 3721; x_wconf 84' lang='lat' dir='ltr'>artificem</span> <span class='ocrx_word' id='word_1_361' title='bbox 2399 3672 2598 3715; x_wconf 87' lang='lat' dir='ltr'>nonne</span> <span class='ocrx_word' id='word_1_362' title='bbox 2625 3652 2802 3713; x_wconf 82' lang='lat' dir='ltr'>vides</span> 
     </span>
     <span class='ocr_line' id='line_1_37' title="bbox 488 3746 2806 3832; baseline -0.002 -21"><span class='ocrx_word' id='word_1_363' title='bbox 488 3762 678 3811; x_wconf 89' lang='lat' dir='ltr'>semet</span> <span class='ocrx_word' id='word_1_364' title='bbox 696 3750 1114 3813; x_wconf 71' lang='lat' dir='ltr'>vellicantem?</span> <span class='ocrx_word' id='word_1_365' title='bbox 1142 3751 1239 3809; x_wconf 88' lang='lat' dir='ltr'>ille</span> <span class='ocrx_word' id='word_1_366' title='bbox 1263 3758 1459 3809; x_wconf 88' lang='lat' dir='ltr'>autem</span> <span class='ocrx_word' id='word_1_367' title='bbox 1482 3748 1582 3829; x_wconf 90' lang='lat' dir='ltr'>qui</span> <span class='ocrx_word' id='word_1_368' title='bbox 1613 3750 1844 3829; x_wconf 87' lang='lat' dir='ltr'>ligones</span> <span class='ocrx_word' id='word_1_369' title='bbox 1866 3749 2099 3810; x_wconf 84' lang='lat' dir='ltr'>factitat</span> <span class='ocrx_word' id='word_1_370' title='bbox 2119 3748 2365 3829; x_wconf 87' lang='lat' dir='ltr'>obpedit</span> <span class='ocrx_word' id='word_1_371' title='bbox 2383 3748 2508 3832; x_wconf 86' lang='lat' dir='ltr'>jam</span> <span class='ocrx_word' id='word_1_372' title='bbox 2531 3746 2670 3807; x_wconf 87' lang='lat' dir='ltr'>huic</span> <span class='ocrx_word' id='word_1_373' title='bbox 2691 3766 2806 3806; x_wconf 86' lang='lat' dir='ltr'>en-</span> 
     </span>
     <span class='ocr_line' id='line_1_38' title="bbox 488 3841 2800 3923; baseline -0.003 -16"><span class='ocrx_word' id='word_1_374' title='bbox 488 3844 639 3907; x_wconf 86' lang='lat' dir='ltr'>sium</span> <span class='ocrx_word' id='word_1_375' title='bbox 663 3844 849 3905; x_wconf 77' lang='lat' dir='ltr'>sabro.</span> <span class='ocrx_word' id='word_1_376' title='bbox 905 3842 1122 3904; x_wconf 68' lang='lat' dir='ltr'>Ture.</span> <span class='ocrx_word' id='word_1_377' title='bbox 1150 3843 1232 3902; x_wconf 86' lang='lat' dir='ltr'>At</span> <span class='ocrx_word' id='word_1_378' title='bbox 1259 3842 1538 3904; x_wconf 78' lang='lat' dir='ltr'>falcarias</span> <span class='ocrx_word' id='word_1_379' title='bbox 1565 3863 1766 3904; x_wconf 89' lang='lat' dir='ltr'>nonne</span> <span class='ocrx_word' id='word_1_380' title='bbox 1790 3842 1954 3903; x_wconf 86' lang='lat' dir='ltr'>vides</span> <span class='ocrx_word' id='word_1_381' title='bbox 1985 3854 2052 3903; x_wconf 91' lang='lat' dir='ltr'>ut</span> <span class='ocrx_word' id='word_1_382' title='bbox 2081 3842 2363 3923; x_wconf 85' lang='lat' dir='ltr'>gaudeat,</span> <span class='ocrx_word' id='word_1_383' title='bbox 2399 3854 2459 3901; x_wconf 88' lang='lat' dir='ltr'>et</span> <span class='ocrx_word' id='word_1_384' title='bbox 2487 3841 2800 3901; x_wconf 85' lang='lat' dir='ltr'>hastarum</span> 
     </span>
     <span class='ocr_line' id='line_1_39' title="bbox 412 3932 2802 4017; baseline -0.002 -20"><span class='ocrx_word' id='word_1_385' title='bbox 412 3942 421 3949; x_wconf 80' lang='grc'><strong><em>’</em></strong></span> <span class='ocrx_word' id='word_1_386' title='bbox 486 3938 715 3997; x_wconf 82' lang='lat' dir='ltr'>fabrum</span> <span class='ocrx_word' id='word_1_387' title='bbox 744 3935 1019 4017; x_wconf 29' lang='lat' dir='ltr'>nrt-digito</span> <span class='ocrx_word' id='word_1_388' title='bbox 1048 3937 1251 3997; x_wconf 85' lang='lat' dir='ltr'>infami</span> <span class='ocrx_word' id='word_1_389' title='bbox 1276 3937 1483 3998; x_wconf 73' lang='lat' dir='ltr'>notet?</span> <span class='ocrx_word' id='word_1_390' title='bbox 1528 3936 1748 3999; x_wconf 73' lang='lat' dir='ltr'>Mene.</span> <span class='ocrx_word' id='word_1_391' title='bbox 1776 3938 1903 4017; x_wconf 83' lang='lat' dir='ltr'>Age</span> <span class='ocrx_word' id='word_1_392' title='bbox 1927 3956 2087 4001; x_wconf 87' lang='lat' dir='ltr'>nunc</span> <span class='ocrx_word' id='word_1_393' title='bbox 2108 3937 2254 4017; x_wconf 84' lang='lat' dir='ltr'>jube</span> <span class='ocrx_word' id='word_1_394' title='bbox 2285 3934 2578 4016; x_wconf 87' lang='lat' dir='ltr'>agricolas</span> <span class='ocrx_word' id='word_1_395' title='bbox 2608 3932 2802 3995; x_wconf 86' lang='lat' dir='ltr'>abire.</span> 
     </span>
     <span class='ocr_line' id='line_1_40' title="bbox 486 4027 2802 4111; baseline -0.003 -20"><span class='ocrx_word' id='word_1_396' title='bbox 486 4032 703 4109; x_wconf 61' lang='lat' dir='ltr'>Taya.</span> <span class='ocrx_word' id='word_1_397' title='bbox 735 4029 951 4091; x_wconf 88' lang='lat' dir='ltr'>Audite</span> <span class='ocrx_word' id='word_1_398' title='bbox 980 4032 1221 4111; x_wconf 85' lang='lat' dir='ltr'>populi:</span> <span class='ocrx_word' id='word_1_399' title='bbox 1280 4030 1562 4111; x_wconf 79' lang='lat' dir='ltr'>agricolae</span> <span class='ocrx_word' id='word_1_400' title='bbox 1583 4034 1821 4103; x_wconf 90' lang='lat' dir='ltr'>abeant,</span> <span class='ocrx_word' id='word_1_401' title='bbox 1850 4032 2061 4091; x_wconf 89' lang='lat' dir='ltr'>sumtis</span> <span class='ocrx_word' id='word_1_402' title='bbox 2091 4030 2330 4091; x_wconf 87' lang='lat' dir='ltr'>rusticis</span> <span class='ocrx_word' id='word_1_403' title='bbox 2359 4027 2802 4099; x_wconf 87' lang='lat' dir='ltr'>instrumentis,</span> 
     </span>
     <span class='ocr_line' id='line_1_41' title="bbox 484 4120 2802 4205; baseline -0.001 -22"><span class='ocrx_word' id='word_1_404' title='bbox 484 4126 545 4184; x_wconf 91' lang='lat' dir='ltr'>in</span> <span class='ocrx_word' id='word_1_405' title='bbox 570 4143 777 4205; x_wconf 83' lang='lat' dir='ltr'>agrum</span> <span class='ocrx_word' id='word_1_406' title='bbox 806 4144 985 4203; x_wconf 88' lang='lat' dir='ltr'>quam</span> <span class='ocrx_word' id='word_1_407' title='bbox 1012 4124 1315 4198; x_wconf 84' lang='lat' dir='ltr'>citissime,</span> <span class='ocrx_word' id='word_1_408' title='bbox 1344 4126 1469 4185; x_wconf 86' lang='lat' dir='ltr'>sine</span> <span class='ocrx_word' id='word_1_409' title='bbox 1488 4125 1664 4185; x_wconf 85' lang='lat' dir='ltr'>hasta</span> <span class='ocrx_word' id='word_1_410' title='bbox 1705 4136 1766 4185; x_wconf 91' lang='lat' dir='ltr'>et</span> <span class='ocrx_word' id='word_1_411' title='bbox 1815 4126 1944 4185; x_wconf 88' lang='lat' dir='ltr'>sine</span> <span class='ocrx_word' id='word_1_412' title='bbox 1997 4123 2222 4205; x_wconf 81' lang='lat' dir='ltr'>gladio,</span> <span class='ocrx_word' id='word_1_413' title='bbox 2279 4134 2340 4183; x_wconf 84' lang='lat' dir='ltr'>et</span> <span class='ocrx_word' id='word_1_414' title='bbox 2397 4123 2526 4183; x_wconf 88' lang='lat' dir='ltr'>sine</span> <span class='ocrx_word' id='word_1_415' title='bbox 2565 4120 2802 4201; x_wconf 80' lang='lat' dir='ltr'>jaculo.</span> 
     </span>
     <span class='ocr_line' id='line_1_42' title="bbox 488 4214 2804 4300; baseline -0.001 -21"><span class='ocrx_word' id='word_1_416' title='bbox 488 4220 645 4279; x_wconf 86' lang='lat' dir='ltr'>Nam</span> <span class='ocrx_word' id='word_1_417' title='bbox 676 4219 873 4279; x_wconf 90' lang='lat' dir='ltr'>omnia</span> <span class='ocrx_word' id='word_1_418' title='bbox 895 4218 1019 4297; x_wconf 86' lang='lat' dir='ltr'>jam</span> <span class='ocrx_word' id='word_1_419' title='bbox 1050 4218 1229 4300; x_wconf 86' lang='lat' dir='ltr'>plena</span> <span class='ocrx_word' id='word_1_420' title='bbox 1256 4218 1354 4279; x_wconf 88' lang='lat' dir='ltr'>bic</span> <span class='ocrx_word' id='word_1_421' title='bbox 1382 4230 1523 4279; x_wconf 85' lang='lat' dir='ltr'>sunt</span> <span class='ocrx_word' id='word_1_422' title='bbox 1551 4220 1716 4299; x_wconf 88' lang='lat' dir='ltr'>pacis</span> <span class='ocrx_word' id='word_1_423' title='bbox 1745 4219 2046 4298; x_wconf 64' lang='lat' dir='ltr'>antiquae:</span> <span class='ocrx_word' id='word_1_424' title='bbox 2105 4216 2212 4278; x_wconf 88' lang='lat' dir='ltr'>sed</span> <span class='ocrx_word' id='word_1_425' title='bbox 2243 4214 2656 4295; x_wconf 81' lang='lat' dir='ltr'>unusquisque</span> <span class='ocrx_word' id='word_1_426' title='bbox 2693 4224 2804 4277; x_wconf 84' lang='lat' dir='ltr'>eat</span> 
     </span>
     <span class='ocr_line' id='line_1_43' title="bbox 488 4310 2806 4392; baseline 0 -21"><span class='ocrx_word' id='word_1_427' title='bbox 488 4312 567 4371; x_wconf 91' lang='lat' dir='ltr'>ad</span> <span class='ocrx_word' id='word_1_428' title='bbox 590 4328 743 4389; x_wconf 88' lang='lat' dir='ltr'>opus</span> <span class='ocrx_word' id='word_1_429' title='bbox 770 4310 1105 4371; x_wconf 78' lang='lat' dir='ltr'>faciendum</span> <span class='ocrx_word' id='word_1_430' title='bbox 1128 4314 1186 4373; x_wconf 89' lang='lat' dir='ltr'>in</span> <span class='ocrx_word' id='word_1_431' title='bbox 1218 4330 1425 4392; x_wconf 80' lang='lat' dir='ltr'>agrum</span> <span class='ocrx_word' id='word_1_432' title='bbox 1456 4324 1700 4373; x_wconf 83' lang='lat' dir='ltr'>cantato</span> <span class='ocrx_word' id='word_1_433' title='bbox 1730 4312 1972 4373; x_wconf 76' lang='lat' dir='ltr'>Paeane.</span> <span class='ocrx_word' id='word_1_434' title='bbox 2059 4312 2274 4373; x_wconf 74' lang='lat' dir='ltr'>Cnoa.</span> <span class='ocrx_word' id='word_1_435' title='bbox 2317 4310 2372 4369; x_wconf 90' lang='grc' dir='ltr'>Ο</span> <span class='ocrx_word' id='word_1_436' title='bbox 2415 4310 2558 4375; x_wconf 69' lang='lat' dir='ltr'>dies.</span> <span class='ocrx_word' id='word_1_437' title='bbox 2587 4322 2806 4389; x_wconf 81' lang='lat' dir='ltr'>optata</span> 
     </span>
     <span class='ocr_line' id='line_1_44' title="bbox 478 4402 2802 4487; baseline -0.002 -22"><span class='ocrx_word' id='word_1_438' title='bbox 478 4404 659 4485; x_wconf 88' lang='lat' dir='ltr'>justis</span> <span class='ocrx_word' id='word_1_439' title='bbox 686 4414 749 4462; x_wconf 89' lang='lat' dir='ltr'>et</span> <span class='ocrx_word' id='word_1_440' title='bbox 778 4404 1073 4482; x_wconf 86' lang='lat' dir='ltr'>agricolis,</span> <span class='ocrx_word' id='word_1_441' title='bbox 1104 4416 1422 4485; x_wconf 86' lang='lat' dir='ltr'>postquam</span> <span class='ocrx_word' id='word_1_442' title='bbox 1453 4421 1512 4467; x_wconf 92' lang='lat' dir='ltr'>te</span> <span class='ocrx_word' id='word_1_443' title='bbox 1544 4406 1757 4467; x_wconf 88' lang='lat' dir='ltr'>lubens</span> <span class='ocrx_word' id='word_1_444' title='bbox 1787 4404 2058 4487; x_wconf 79' lang='lat' dir='ltr'>adspexi,</span> <span class='ocrx_word' id='word_1_445' title='bbox 2087 4405 2403 4465; x_wconf 85' lang='lat' dir='ltr'>convenire</span> <span class='ocrx_word' id='word_1_446' title='bbox 2435 4402 2572 4483; x_wconf 79' lang='lat' dir='ltr'>volo</span> <span class='ocrx_word' id='word_1_447' title='bbox 2602 4404 2758 4463; x_wconf 86' lang='lat' dir='ltr'>vites</span> <span class='ocrx_word' id='word_1_448' title='bbox 2776 4423 2802 4471; x_wconf 68' lang='grc' dir='ltr'>ς</span> 
     </span>
     <span class='ocr_line' id='line_1_45' title="bbox 486 4495 2804 4580; baseline 0.001 -25"><span class='ocrx_word' id='word_1_449' title='bbox 486 4506 667 4574; x_wconf 87' lang='lat' dir='ltr'>atque</span> <span class='ocrx_word' id='word_1_450' title='bbox 694 4495 869 4555; x_wconf 84' lang='lat' dir='ltr'>etiam</span> <span class='ocrx_word' id='word_1_451' title='bbox 898 4496 1065 4571; x_wconf 79' lang='lat' dir='ltr'>licus,</span> <span class='ocrx_word' id='word_1_452' title='bbox 1092 4518 1241 4575; x_wconf 86' lang='lat' dir='ltr'>quas</span> <span class='ocrx_word' id='word_1_453' title='bbox 1260 4517 1375 4579; x_wconf 80' lang='lat' dir='ltr'>ego</span> <span class='ocrx_word' id='word_1_454' title='bbox 1398 4500 1521 4561; x_wconf 82' lang='lat' dir='ltr'>sevi</span> <span class='ocrx_word' id='word_1_455' title='bbox 1539 4501 1760 4580; x_wconf 88' lang='lat' dir='ltr'>junior,</span> <span class='ocrx_word' id='word_1_456' title='bbox 1787 4499 2054 4561; x_wconf 84' lang='lat' dir='ltr'>salutare</span> <span class='ocrx_word' id='word_1_457' title='bbox 2084 4499 2316 4560; x_wconf 84' lang='lat' dir='ltr'>animus</span> <span class='ocrx_word' id='word_1_458' title='bbox 2341 4510 2434 4560; x_wconf 88' lang='lat' dir='ltr'>est</span> <span class='ocrx_word' id='word_1_459' title='bbox 2463 4497 2633 4559; x_wconf 82' lang='lat' dir='ltr'>nobis</span> <span class='ocrx_word' id='word_1_460' title='bbox 2661 4497 2804 4557; x_wconf 78' lang='lat' dir='ltr'>lon-</span> 
     </span>
    </p>
   </div>
  </div>
 </body>
</html>
