3059 5059
322 400 640 464 avo—33⁸
1248 396 1299 459 P
1322 400 1367 461 L
1390 398 1443 458 U
1458 402 1509 461 Τ
1530 401 1664 466 US.
2499 404 2612 465 193

317 532 601 606 clamant,
634 534 728 608 Iu,
760 534 845 608 iit,
888 530 1187 593 choenices
1228 542 1289 593 et
1328 528 1648 612 compedes
1691 530 2114 593 desiderantes.
2145 572 2150 581 ·
2199 532 2366 594 Can.
2412 534 2608 603 Quum
2653 575 2660 584 -

304 624 426 704 jam
456 636 621 687 sorte
646 626 829 688 ducta
854 625 1027 686 litera
1065 626 1165 705 jus
1208 625 1266 684 in
1310 624 1507 686 loculo
1557 625 1820 685 dicturus
1879 624 1986 697 sis,
2033 624 2175 705 quid
2234 627 2318 687 ire
2361 626 2609 687 cessas?

316 716 589 777 Charon
603 738 741 779 vero
795 719 897 779 tibi
945 718 1274 800 symbolum
1326 718 1447 778 dat.
1537 718 1750 779 Cffoa.
1795 717 2238 798 Disrumparis!
2289 728 2358 779 ut
2395 719 2611 780 moles-

296 811 409 869 tus
437 830 505 871 es
532 820 598 871 et
623 811 865 917 iugenio
902 812 1221 893 versipelli,
1251 810 1352 890 qui
1401 810 1634 871 deludis
1682 830 1814 884 nos,
1843 822 1905 873 et
1939 810 2207 871 nondum
2244 811 2438 873 dicere
2477 832 2608 875 sus·

314 902 565 977 tinuisti,
590 904 761 984 cujus
786 905 869 965 rei
912 924 1097 965 causa
1123 923 1233 964 nos
1259 903 1437 963 herus
1478 912 1616 963 tuus
1644 904 1942 965 vocaverit
1966 903 2119 973 huc·
2164 904 2264 985 qui
2293 904 2494 965 multis
2521 906 2609 965 la-

313 995 554 1057 boribus
584 996 845 1069 exerciti,
865 998 1127 1077 quamvis
1148 1017 1266 1057 non
1290 1008 1453 1057 esset
1471 996 1680 1077 otium,
1703 1006 1940 1057 strenue
1969 996 2085 1057 huc
2111 995 2476 1069 advenimus,
2505 1016 2607 1076 per

314 1086 533 1147 multas
556 1088 824 1148 alliorum
851 1090 1079 1151 radices
1108 1100 1504 1150 transeuntes.
1589 1090 1754 1149 Can.
1799 1089 1919 1149 Sed
1939 1108 2060 1148 non
2085 1089 2292 1149 celabo
2319 1089 2604 1170 amplius:

316 1179 475 1239 venit
512 1181 692 1255 enim,
718 1199 757 1239 o
789 1182 981 1253 amici,
1010 1181 1249 1243 Plutum
1277 1182 1583 1243 adducens
1609 1181 1830 1242 herus:
1876 1181 1978 1260 qui
2005 1201 2114 1241 vos
2159 1180 2374 1241 divites
2409 1182 2608 1242 faciet.

318 1274 534 1334 Cuon.
580 1276 675 1333 An
704 1292 907 1334 revera
934 1273 1211 1334 divitibus
1229 1293 1363 1335 esse
1388 1275 1560 1334 nobis
1589 1274 1729 1335 licet
1757 1272 2077 1334 omnibus?
2139 1274 2311 1334 Can.
2357 1274 2449 1334 Ita
2472 1274 2606 1335 her-

316 1364 441 1426 cle:
482 1375 549 1425 et
575 1366 811 1444 quidem
842 1364 1044 1425 Midas
1071 1366 1271 1439 faciet,
1300 1367 1347 1426 si
1397 1386 1569 1427 aures
1609 1367 1870 1427 asininas
1916 1366 2179 1426 sumatis.
2265 1366 2610 1427 Onon..Ut

316 1456 507 1531 letor,
532 1468 604 1517 ut
620 1457 901 1531 delector,
926 1469 995 1519 ut
1018 1458 1196 1540 cupio
1224 1459 1539 1538 tripudiare
1565 1478 1688 1538 proe
1718 1458 1975 1538 gaudio!
2030 1456 2320 1538 siquidem
2370 1469 2436 1518 tu
2473 1457 2607 1519 baec

316 1550 545 1630 reipsa
574 1570 714 1612 vera
740 1550 1055 1632 praedicas.
1137 1552 1304 1611 Can.
1346 1552 1429 1611 At
1474 1570 1589 1631 ego
1643 1550 1802 1623 volo,
1859 1550 2234 1623 threttanelo,
2283 1550 2607 1632 Cyclopem

314 1642 575 1718 imitans,
604 1654 668 1704 et
691 1644 807 1705 hoc
837 1645 1018 1705 modo
1057 1644 1309 1724 pedibus
1347 1642 1678 1725 impellens,
1723 1662 1828 1703 vos
1871 1662 2068 1722 agere.
2150 1642 2271 1703 Sed
2309 1643 2404 1702 eia
2441 1642 2608 1703 filioli

316 1736 709 1811 clamitantes,
734 1748 795 1800 et
820 1756 954 1797 cum
984 1738 1183 1798 balatu
1209 1737 1455 1798 edentes
1483 1735 1840 1797 ovicularum
1869 1754 2294 1817 caprarumque
2322 1736 2607 1797 olentium

316 1830 603 1903 carmina,
648 1830 975 1910 sequimini,
1030 1831 1389 1910 arrectisque
1435 1829 1702 1902 veretris,
1749 1829 1934 1889 instar
1969 1828 2263 1889 hircorum
2315 1828 2606 1889 lascivite.

320 1922 541 1983 Cnon.
586 1920 715 1982 Nos
743 1937 939 1984 autem
960 1924 1323 1997 conabimur,
1346 1920 1724 1991 threttanelc,
1756 1920 2078 2003 Cyclopem
2099 1932 2180 1995 te,
2207 1920 2306 1982 ubi
2335 1921 2604 1982 balantes

312 2018 715 2080 invenerimus
736 2020 1011 2081 sordibus
1038 2019 1429 2099 inquinatum,
1457 2038 1658 2099 peram
1682 2018 1998 2078 habentem
2023 2029 2086 2079 et
2125 2018 2288 2080 olera
2327 2018 2606 2099 agrestia,

318 2111 453 2172 vino
480 2132 747 2191 gravem,
774 2112 1088 2173 ducentem
1117 2112 1404 2186 oviculas,
1450 2123 1671 2172 temere
1715 2109 1930 2171 alicubi
1979 2130 2190 2172 somno
2235 2129 2605 2192 oppressum,

318 2222 649 2278 excoecare,
676 2214 874 2266 sumta
901 2205 1125 2287 ingenti
1176 2216 1236 2265 et
1288 2215 1550 2284 proeusta
1597 2204 1767 2264 sude.
1853 2205 2022 2264 Can.
2067 2204 2148 2263 At
2201 2224 2316 2285 ego
2370 2206 2605 2265 Circam

316 2296 498 2370 illam,
528 2318 664 2376 quae
684 2297 1075 2359 medicamina
1120 2297 1352 2371 miscet,
1395 2318 1532 2378 quae
1580 2296 1882 2357 sodalibus
1911 2296 2239 2357 Philonidis
2283 2296 2605 2377 aliquando

320 2390 589 2451 Corinthi
628 2392 943 2471 persuasit,
966 2403 1031 2452 ut
1056 2401 1338 2471 tanquam
1360 2390 1523 2471 porci
1555 2392 1862 2451 subactam
1889 2388 2154 2451 merdam
2208 2390 2608 2463 comederent,

314 2503 493 2563 quam
521 2484 651 2565 ipsa
680 2486 995 2564 subegerat
1020 2482 1159 2555 illis,
1188 2484 1457 2544 imitabor
1500 2482 1771 2543 omnibus
1819 2481 2045 2543 modis:
2102 2502 2208 2543 vos
2247 2493 2440 2544 autem
2483 2502 2608 2564 proe

316 2577 536 2655 gaudio
562 2579 965 2657 grunnientes,
996 2575 1307 2657 sequimini
1336 2587 1580 2637 matrem
1619 2574 1884 2657 porcelli.
1968 2574 2185 2639 Cnon.
2229 2575 2357 2635 Nos
2405 2575 2606 2655 itaque

316 2682 373 2729 te
398 2670 658 2744 Circam,
680 2672 1026 2733 miscentem
1054 2670 1462 2744 medicamina,
1490 2682 1553 2730 et
1577 2668 1808 2729 offuciis
1837 2668 2232 2729 sublinentem
2260 2677 2436 2747 atque
2463 2686 2606 2727 con-

318 2762 705 2824 taminantem
758 2764 975 2837 socios,
1029 2762 1619 2844 comprehendentes,
1671 2781 1796 2842 proe
1845 2761 2066 2841 gaudio
2129 2760 2353 2820 La'ettis
2419 2760 2606 2821 filium

316 2854 639 2929 imitantes,
682 2876 719 2916 a
740 2857 1029 2917 testiculis
1050 2855 1483 2936 suspendemus
1502 2878 1521 2925 3
1581 2866 1954 2933 stercoreque
1973 2853 2078 2913 tibi
2101 2852 2451 2925 oblinemus,
2473 2864 2608 2913 tan·

314 2966 493 3027 qnam
523 2948 707 3021 hirco,
736 2968 945 3009 nares:
988 2961 1055 3009 tu
1079 2969 1240 3021 vero,
1269 2960 1339 3008 ut
1368 2948 1707 3028 Aristyllus,
1739 2966 1838 3007 ore
1859 2945 2061 3007 hiante
2087 2945 2374 3017 lambens,
2400 2945 2602 3007 dicesz

318 3038 643 3121 &qnia-im·
666 3050 907 3103 matrem
924 3043 1198 3123 porcelli.
1282 3042 1452 3101 Can.
1496 3040 1617 3101 Sed
1645 3040 1794 3100 obe!
1835 3039 2070 3099 omissis
2077 3040 2202 3118 jam
2218 3039 2608 3100 cavillationi-

314 3138 449 3209 bus,
472 3137 549 3198 ad
572 3138 736 3199 aliud
758 3139 971 3200 cantici
996 3158 1185 3220 genus
1202 3136 1606 3198 convertimini
1628 3155 1645 3195 t
1669 3156 1782 3215 ego
1799 3144 1996 3195 autem
2019 3134 2256 3195 domum
2277 3135 2605 3216 ingressus,

314 3231 471 3290 clam
518 3230 663 3290 hero
709 3252 862 3304 meo,
911 3232 1048 3291 volo
1094 3250 1322 3292 sumere
1368 3227 1636 3289 nonnihil
1681 3226 1853 3309 panis
1901 3237 1962 3288 et
1997 3227 2227 3295 carnin
2281 3237 2456 3308 atque
2507 3230 2604 3290 ubi

318 3323 775 3397 manducavero,
834 3324 918 3384 sic
962 3335 1170 3405 postea
1222 3343 1373 3405 opus
1426 3322 1604 3384 obire.
1687 3323 1902 3383 cnon.
1945 3322 2160 3400 (Deest
2216 3322 2602 3383 contiuncula

324 3418 553 3493 ctiori.)

395 3511 676 3570 Cannu.
721 3512 782 3571 Si
808 3512 1004 3572 salvos
1032 3533 1140 3574 vos
1170 3534 1303 3576 esse
1323 3515 1590 3595 jubeam,
1625 3536 1662 3575 o
1701 3515 2037 3597 populares,
2085 3534 2156 3575 ea
2187 3515 2313 3595 jam
2363 3510 2607 3594 antiqua

314 3612 409 3664 est
446 3618 511 3665 et
540 3604 809 3665 obsoleta
838 3606 1251 3688 compellatio:
1309 3610 1506 3689 itaque
1535 3620 1801 3669 amanter
1849 3628 1954 3669 vos
2011 3608 2387 3689 complector,
2442 3606 2603 3687 quod

310 3696 563 3757 venistis
586 3709 815 3779 promte
844 3710 906 3759 et
929 3710 1228 3774 contente,
1266 3722 1377 3762 nec
1418 3702 1761 3764 socorditer.
1847 3702 2047 3763 Facite
2084 3712 2278 3761 autem
2313 3710 2380 3759 ut
2426 3701 2602 3760 etiam

314 3789 375 3849 in
404 3790 617 3851 ceteris
646 3792 821 3851 rebus
846 3792 987 3852 mibi
1014 3794 1313 3873 adjutores
1344 3794 1576 3869 adsitis,
1605 3795 1894 3874 simulque
1942 3796 2063 3855 veri
2111 3794 2288 3874 hujus
2334 3794 2429 3853 dei
2481 3812 2604 3853 ser·
2695 3854 2732 3888 ·.

308 3892 571 3943 vatores.
659 3884 876 3945 Cnon.
940 3886 1225 3947 Confide:
1278 3906 1533 3968 namque
1587 3888 1830 3948 videbor
1877 3888 1982 3948 tibi
2036 3906 2274 3967 prorsus
2330 3886 2603 3947 martium

308 3974 599 4055 quiddam
630 3977 861 4037 intueri.
906 3978 1081 4039 Esset
1107 3980 1262 4039 enim
1292 3980 1633 4053 absurdum,
1656 3982 1706 4040 si
1727 3994 1964 4060 propter
1983 3992 2102 4041 tres
2131 3978 2364 4059 quidem
2394 3979 2604 4039 obolos

308 4068 639 4129 identidem
662 4070 720 4128 in
750 4071 1035 4132 concione
1057 4072 1155 4133 alii
1177 4072 1327 4133 alios
1350 4072 1641 4133 trudimus
1669 4084 1730 4133 et
1757 4073 2135 4154 impellimus,
2181 4074 2374 4153 ipsum
2405 4084 2602 4134 autem

312 4158 555 4221 Plutum
584 4172 815 4240 paterer
843 4182 1199 4245 aquoquam
1228 4166 1369 4225 mihi
1418 4167 1581 4246 eripi.
1663 4168 1937 4226 Cannu.
1981 4166 2162 4245 Atqui
2212 4166 2379 4227 video
2417 4168 2603 4231 ,etiam

314 4250 753 4333 Blepsidemum
781 4256 1009 4317 huncce
1039 4256 1437 4320 accedentem.
1526 4260 1685 4319 Satis
1716 4271 1960 4341 apparet
1987 4278 2062 4317 ex
2091 4259 2330 4319 incessu
2368 4259 2494 4338 ej'us
2543 4271 2607 4319 et

314 4348 715 4421 festinatione,
772 4370 904 4410 eum
954 4350 1178 4431 aliquid
1226 4350 1433 4412 harum
1480 4372 1674 4413 rerum
1732 4352 2107 4413 inaudivisse.
2190 4350 2389 4411 Bnnr.
2411 4352 2424 4390 '-
2446 4352 2606 4420 Quid

310 4437 429 4499 hoc
452 4440 537 4499 rei
566 4438 691 4501 sit?
743 4442 905 4503 unde
932 4454 993 4503 et
1017 4444 1315 4523 quomodo
1360 4446 1710 4526 Chremylus
1756 4444 1924 4505 divus
1957 4445 2149 4505 factus
2193 4444 2271 4503 sit
2318 4442 2606 4523 repente?

314 4550 435 4593 non
457 4533 659 4688 οὲεᾱο.
700 4536 1001 4692 LTaametsi
1029 4538 1319 4600 mehercle
1348 4556 1650 4601 sermones
1671 4537 1838 4599 multi
1866 4538 2200 4601 ferebantur
2225 4536 2522 4629 hominum
2545 4536 2604 4595 in

536 4631 672 4693 rirt.
799 4640 843 4691 t.
2311 4632 2349 4687 2
2399 4630 2446 4689 Β

2389 4703 2456 4730 2.

2385 4792 2390 4797 ·
2431 4776 2442 4809 2
