<?xml version="1.0" encoding="UTF-8"?>
<!DOCTYPE html PUBLIC "-//W3C//DTD XHTML 1.0 Transitional//EN"
    "http://www.w3.org/TR/xhtml1/DTD/xhtml1-transitional.dtd">
<html xmlns="http://www.w3.org/1999/xhtml" xml:lang="en" lang="en">
 <head>
  <title>
</title>
<meta http-equiv="Content-Type" content="text/html;charset=utf-8" />
  <meta name='ocr-system' content='tesseract 3.04.00' />
  <meta name='ocr-capabilities' content='ocr_page ocr_carea ocr_par ocr_line ocrx_word'/>
</head>
<body>
  <div class='ocr_page' id='page_1' title='image "./comdicumscholii00bekkgoog_0116.png"; bbox 0 0 3059 5059; ppageno 0'>
   <div class='ocr_carea' id='block_1_1' title="bbox 23 1005 25 1912">
    <p class='ocr_par' dir='ltr' id='par_1_1' title="bbox 23 1005 25 1912">
     <span class='ocr_line' id='line_1_1' title="bbox 23 1005 25 1912; baseline 0 0"><span class='ocrx_word' id='word_1_1' title='bbox 23 1005 25 1912; x_wconf 95' lang='lat' dir='ltr'> </span> 
     </span>
    </p>
   </div>
   <div class='ocr_carea' id='block_1_2' title="bbox 442 361 2732 452">
    <p class='ocr_par' dir='ltr' id='par_1_2' title="bbox 442 361 2732 452">
     <span class='ocr_line' id='line_1_2' title="bbox 442 361 2732 452; baseline -0.001 -22"><span class='ocrx_word' id='word_1_2' title='bbox 442 369 559 430; x_wconf 86' lang='lat'>100</span> <span class='ocrx_word' id='word_1_3' title='bbox 1182 361 1968 427; x_wconf 75' lang='lat' dir='ltr'>ARISTOPHANIS</span> <span class='ocrx_word' id='word_1_4' title='bbox 2375 367 2732 452; x_wconf 73' lang='lat'><strong>[234—296</strong></span> 
     </span>
    </p>
   </div>
   <div class='ocr_carea' id='block_1_3' title="bbox 424 488 2786 4606">
    <p class='ocr_par' dir='ltr' id='par_1_3' title="bbox 424 488 2786 2165">
     <span class='ocr_line' id='line_1_3' title="bbox 438 488 2786 582; baseline -0 -21"><span class='ocrx_word' id='word_1_5' title='bbox 438 518 553 582; x_wconf 77' lang='lat' dir='ltr'>age</span> <span class='ocrx_word' id='word_1_6' title='bbox 579 498 857 581; x_wconf 77' lang='lat' dir='ltr'>effugiam</span> <span class='ocrx_word' id='word_1_7' title='bbox 885 499 1079 579; x_wconf 89' lang='lat' dir='ltr'>ipsum</span> <span class='ocrx_word' id='word_1_8' title='bbox 1103 516 1399 580; x_wconf 85' lang='lat' dir='ltr'>:namque</span> <span class='ocrx_word' id='word_1_9' title='bbox 1424 498 1584 558; x_wconf 79' lang='lat' dir='ltr'>sensi</span> <span class='ocrx_word' id='word_1_10' title='bbox 1614 499 1784 577; x_wconf 76' lang='lat' dir='ltr'>quasi</span> <span class='ocrx_word' id='word_1_11' title='bbox 1811 497 2052 559; x_wconf 81' lang='lat' dir='ltr'>mor-tari</span> <span class='ocrx_word' id='word_1_12' title='bbox 2079 497 2278 560; x_wconf 78' lang='lat' dir='ltr'>bellici</span> <span class='ocrx_word' id='word_1_13' title='bbox 2305 488 2564 561; x_wconf 79' lang='lat' dir='ltr'>sonitum</span> <span class='ocrx_word' id='word_1_14' title='bbox 2602 501 2734 578; x_wconf 87' lang='lat' dir='ltr'>ipse</span> <span class='ocrx_word' id='word_1_15' title='bbox 2775 561 2786 570; x_wconf 69' lang='grc'>,</span> 
     </span>
     <span class='ocr_line' id='line_1_4' title="bbox 438 591 2738 673; baseline -0.001 -19"><span class='ocrx_word' id='word_1_16' title='bbox 438 593 642 656; x_wconf 63' lang='lat' dir='ltr'>etiam}</span> <span class='ocrx_word' id='word_1_17' title='bbox 727 594 883 654; x_wconf 75' lang='lat' dir='ltr'>Bu..</span> <span class='ocrx_word' id='word_1_18' title='bbox 914 595 981 652; x_wconf 84' lang='lat' dir='ltr'>Io</span> <span class='ocrx_word' id='word_1_19' title='bbox 1009 591 1311 664; x_wconf 74' lang='lat' dir='ltr'>mortales,</span> <span class='ocrx_word' id='word_1_20' title='bbox 1340 591 1644 664; x_wconf 83' lang='lat' dir='ltr'>mortales,</span> <span class='ocrx_word' id='word_1_21' title='bbox 1673 591 1952 653; x_wconf 83' lang='lat' dir='ltr'>mortales</span> <span class='ocrx_word' id='word_1_22' title='bbox 1976 593 2323 666; x_wconf 69' lang='lat' dir='ltr'>erumnosi,</span> <span class='ocrx_word' id='word_1_23' title='bbox 2351 612 2530 673; x_wconf 84' lang='lat' dir='ltr'>quam</span> <span class='ocrx_word' id='word_1_24' title='bbox 2559 592 2738 653; x_wconf 81' lang='lat' dir='ltr'>valde</span> 
     </span>
     <span class='ocr_line' id='line_1_5' title="bbox 424 683 2738 765; baseline -0.001 -17"><span class='ocrx_word' id='word_1_25' title='bbox 424 697 707 748; x_wconf 70' lang='lat' dir='ltr'>actutum</span> <span class='ocrx_word' id='word_1_26' title='bbox 734 686 988 748; x_wconf 80' lang='lat' dir='ltr'>maxillis</span> <span class='ocrx_word' id='word_1_27' title='bbox 1023 683 1341 747; x_wconf 71' lang='lat' dir='ltr'><strong>dolebitis!</strong></span> <span class='ocrx_word' id='word_1_28' title='bbox 1422 686 1644 750; x_wconf 74' lang='lat' dir='ltr'>Tam.</span> <span class='ocrx_word' id='word_1_29' title='bbox 1702 684 1757 744; x_wconf 92' lang='grc' dir='ltr'>Ο</span> <span class='ocrx_word' id='word_1_30' title='bbox 1787 684 1924 745; x_wconf 81' lang='lat' dir='ltr'>dire</span> <span class='ocrx_word' id='word_1_31' title='bbox 1951 685 2190 765; x_wconf 86' lang='lat' dir='ltr'>Apollo,</span> <span class='ocrx_word' id='word_1_32' title='bbox 2225 697 2452 765; x_wconf 86' lang='lat' dir='ltr'>quanta</span> <span class='ocrx_word' id='word_1_33' title='bbox 2495 685 2738 746; x_wconf 75' lang='lat' dir='ltr'>moi-tari</span> 
     </span>
     <span class='ocr_line' id='line_1_6' title="bbox 438 777 2734 861; baseline -0.001 -21"><span class='ocrx_word' id='word_1_34' title='bbox 438 779 804 861; x_wconf 84' lang='lat' dir='ltr'>amplitudo!</span> <span class='ocrx_word' id='word_1_35' title='bbox 864 788 1155 860; x_wconf 87' lang='lat' dir='ltr'>quantum</span> <span class='ocrx_word' id='word_1_36' title='bbox 1178 789 1375 838; x_wconf 88' lang='lat' dir='ltr'>autem</span> <span class='ocrx_word' id='word_1_37' title='bbox 1420 777 1638 838; x_wconf 90' lang='lat' dir='ltr'>malum</span> <span class='ocrx_word' id='word_1_38' title='bbox 1685 792 1778 838; x_wconf 84' lang='lat' dir='ltr'>est</span> <span class='ocrx_word' id='word_1_39' title='bbox 1823 778 1988 839; x_wconf 87' lang='lat' dir='ltr'>solus</span> <span class='ocrx_word' id='word_1_40' title='bbox 2039 778 2179 839; x_wconf 85' lang='lat' dir='ltr'>belli</span> <span class='ocrx_word' id='word_1_41' title='bbox 2217 780 2580 860; x_wconf 74' lang='lat' dir='ltr'>adspectus!</span> <span class='ocrx_word' id='word_1_42' title='bbox 2636 781 2734 838; x_wconf 85' lang='lat' dir='ltr'>An</span> 
     </span>
     <span class='ocr_line' id='line_1_7' title="bbox 434 871 2736 953; baseline 0.001 -21"><span class='ocrx_word' id='word_1_43' title='bbox 434 873 551 934; x_wconf 82' lang='lat' dir='ltr'>iste</span> <span class='ocrx_word' id='word_1_44' title='bbox 575 885 670 934; x_wconf 84' lang='lat' dir='ltr'>est</span> <span class='ocrx_word' id='word_1_45' title='bbox 696 873 796 934; x_wconf 88' lang='lat' dir='ltr'>ille</span> <span class='ocrx_word' id='word_1_46' title='bbox 824 891 1001 953; x_wconf 87' lang='lat' dir='ltr'>quem</span> <span class='ocrx_word' id='word_1_47' title='bbox 1030 871 1313 952; x_wconf 84' lang='lat' dir='ltr'>fugimus,</span> <span class='ocrx_word' id='word_1_48' title='bbox 1334 871 1436 931; x_wconf 89' lang='lat' dir='ltr'>ille</span> <span class='ocrx_word' id='word_1_49' title='bbox 1466 871 1860 943; x_wconf 86' lang='lat' dir='ltr'>truculentus,</span> <span class='ocrx_word' id='word_1_50' title='bbox 1885 872 1986 934; x_wconf 87' lang='lat' dir='ltr'>ille</span> <span class='ocrx_word' id='word_1_51' title='bbox 2015 872 2220 944; x_wconf 84' lang='lat' dir='ltr'>durus,</span> <span class='ocrx_word' id='word_1_52' title='bbox 2252 873 2352 934; x_wconf 88' lang='lat' dir='ltr'>ille</span> <span class='ocrx_word' id='word_1_53' title='bbox 2391 873 2736 934; x_wconf 68' lang='lat' dir='ltr'><strong>divaricatis</strong></span> 
     </span>
     <span class='ocr_line' id='line_1_8' title="bbox 436 961 2735 1046; baseline -0.001 -18"><span class='ocrx_word' id='word_1_54' title='bbox 436 966 705 1028; x_wconf 86' lang='lat' dir='ltr'>cruribus</span> <span class='ocrx_word' id='word_1_55' title='bbox 734 961 977 1027; x_wconf 81' lang='lat' dir='ltr'>firmans</span> <span class='ocrx_word' id='word_1_56' title='bbox 1008 963 1308 1046; x_wconf 74' lang='lat' dir='ltr'>gradum?</span> <span class='ocrx_word' id='word_1_57' title='bbox 1392 965 1552 1024; x_wconf 77' lang='lat' dir='ltr'>Bm..</span> <span class='ocrx_word' id='word_1_58' title='bbox 1591 967 1662 1026; x_wconf 84' lang='lat' dir='ltr'>Io</span> <span class='ocrx_word' id='word_1_59' title='bbox 1685 965 1910 1027; x_wconf 80' lang='lat' dir='ltr'>Prasioe</span> <span class='ocrx_word' id='word_1_60' title='bbox 1939 967 2280 1039; x_wconf 80' lang='lat' dir='ltr'>termiseroe,</span> <span class='ocrx_word' id='word_1_61' title='bbox 2308 977 2370 1028; x_wconf 92' lang='lat' dir='ltr'>et</span> <span class='ocrx_word' id='word_1_62' title='bbox 2395 965 2735 1046; x_wconf 79' lang='lat' dir='ltr'>quinquies,</span> 
     </span>
     <span class='ocr_line' id='line_1_9' title="bbox 436 1057 2738 1139; baseline -0 -19"><span class='ocrx_word' id='word_1_63' title='bbox 436 1069 501 1121; x_wconf 84' lang='lat' dir='ltr'>et</span> <span class='ocrx_word' id='word_1_64' title='bbox 538 1059 741 1121; x_wconf 75' lang='lat' dir='ltr'>decies</span> <span class='ocrx_word' id='word_1_65' title='bbox 785 1060 997 1121; x_wconf 87' lang='lat' dir='ltr'>iterum</span> <span class='ocrx_word' id='word_1_66' title='bbox 1038 1061 1391 1138; x_wconf 73' lang='lat' dir='ltr'>iterumque,</span> <span class='ocrx_word' id='word_1_67' title='bbox 1423 1071 1491 1118; x_wconf 90' lang='lat' dir='ltr'>ut</span> <span class='ocrx_word' id='word_1_68' title='bbox 1530 1058 1796 1139; x_wconf 83' lang='lat' dir='ltr'>peribitis</span> <span class='ocrx_word' id='word_1_69' title='bbox 1839 1057 2056 1119; x_wconf 79' lang='lat' dir='ltr'>hodie!</span> <span class='ocrx_word' id='word_1_70' title='bbox 2137 1058 2356 1120; x_wconf 59' lang='lat' dir='ltr'>Taso.</span> <span class='ocrx_word' id='word_1_71' title='bbox 2392 1059 2562 1120; x_wconf 87' lang='lat' dir='ltr'>Istud</span> <span class='ocrx_word' id='word_1_72' title='bbox 2603 1060 2738 1138; x_wconf 90' lang='lat' dir='ltr'>qui·</span> 
     </span>
     <span class='ocr_line' id='line_1_10' title="bbox 434 1151 2736 1240; baseline 0 -28"><span class='ocrx_word' id='word_1_73' title='bbox 434 1151 593 1224; x_wconf 88' lang='lat' dir='ltr'>dem,</span> <span class='ocrx_word' id='word_1_74' title='bbox 623 1172 658 1213; x_wconf 90' lang='lat' dir='ltr'>o</span> <span class='ocrx_word' id='word_1_75' title='bbox 686 1153 815 1226; x_wconf 82' lang='lat' dir='ltr'>viri,</span> <span class='ocrx_word' id='word_1_76' title='bbox 842 1151 1205 1213; x_wconf 85' lang='lat' dir='ltr'>nihil&#39;adhuc</span> <span class='ocrx_word' id='word_1_77' title='bbox 1234 1151 1309 1212; x_wconf 86' lang='lat' dir='ltr'>ad</span> <span class='ocrx_word' id='word_1_78' title='bbox 1340 1171 1451 1212; x_wconf 89' lang='lat' dir='ltr'>nos</span> <span class='ocrx_word' id='word_1_79' title='bbox 1480 1152 1771 1232; x_wconf 74' lang='lat' dir='ltr'>pertinet:</span> <span class='ocrx_word' id='word_1_80' title='bbox 1827 1152 2043 1211; x_wconf 88' lang='lat' dir='ltr'>malum</span> <span class='ocrx_word' id='word_1_81' title='bbox 2059 1153 2222 1240; x_wconf 34' lang='lat' dir='ltr'>&#39;enirn</span> <span class='ocrx_word' id='word_1_82' title='bbox 2251 1152 2440 1214; x_wconf 87' lang='lat' dir='ltr'>hocce</span> <span class='ocrx_word' id='word_1_83' title='bbox 2481 1162 2576 1214; x_wconf 86' lang='lat' dir='ltr'>est</span> <span class='ocrx_word' id='word_1_84' title='bbox 2621 1152 2736 1212; x_wconf 56' lang='lat' dir='ltr'>Las</span> 
     </span>
     <span class='ocr_line' id='line_1_11' title="bbox 432 1241 2736 1324; baseline -0.001 -18"><span class='ocrx_word' id='word_1_85' title='bbox 432 1241 681 1308; x_wconf 63' lang='lat' dir='ltr'>conicm.</span> <span class='ocrx_word' id='word_1_86' title='bbox 767 1246 923 1307; x_wconf 74' lang='lat' dir='ltr'>Bm..</span> <span class='ocrx_word' id='word_1_87' title='bbox 972 1247 1037 1306; x_wconf 88' lang='lat' dir='ltr'>Io</span> <span class='ocrx_word' id='word_1_88' title='bbox 1086 1245 1359 1324; x_wconf 77' lang='lat' dir='ltr'>Megara,</span> <span class='ocrx_word' id='word_1_89' title='bbox 1404 1246 1675 1324; x_wconf 82' lang='lat' dir='ltr'>Megara,</span> <span class='ocrx_word' id='word_1_90' title='bbox 1719 1255 1787 1306; x_wconf 90' lang='lat' dir='ltr'>ut</span> <span class='ocrx_word' id='word_1_91' title='bbox 1823 1255 2090 1305; x_wconf 87' lang='lat' dir='ltr'>actutum</span> <span class='ocrx_word' id='word_1_92' title='bbox 2143 1246 2548 1318; x_wconf 83' lang='lat' dir='ltr'>conteremini,</span> <span class='ocrx_word' id='word_1_93' title='bbox 2601 1246 2736 1306; x_wconf 85' lang='lat' dir='ltr'>uni-</span> 
     </span>
     <span class='ocr_line' id='line_1_12' title="bbox 432 1327 2735 1419; baseline -0.001 -19"><span class='ocrx_word' id='word_1_94' title='bbox 432 1359 607 1402; x_wconf 81' lang='lat' dir='ltr'>versa</span> <span class='ocrx_word' id='word_1_95' title='bbox 646 1339 709 1400; x_wconf 87' lang='lat' dir='ltr'>in</span> <span class='ocrx_word' id='word_1_96' title='bbox 750 1352 1035 1401; x_wconf 84' lang='lat' dir='ltr'>moretum</span> <span class='ocrx_word' id='word_1_97' title='bbox 1079 1338 1299 1400; x_wconf 83' lang='lat' dir='ltr'>intrita.</span> <span class='ocrx_word' id='word_1_98' title='bbox 1370 1339 1598 1400; x_wconf 67' lang='lat' dir='ltr'>Tam.</span> <span class='ocrx_word' id='word_1_99' title='bbox 1642 1339 1849 1419; x_wconf 76' lang='lat' dir='ltr'>Papae,</span> <span class='ocrx_word' id='word_1_100' title='bbox 1893 1343 2101 1418; x_wconf 81' lang='lat' dir='ltr'>papae!</span> <span class='ocrx_word' id='word_1_101' title='bbox 2143 1357 2324 1419; x_wconf 89' lang='lat' dir='ltr'>quam</span> <span class='ocrx_word' id='word_1_102' title='bbox 2363 1357 2614 1418; x_wconf 82' lang='lat' dir='ltr'>magnos</span> <span class='ocrx_word' id='word_1_103' title='bbox 2667 1327 2735 1399; x_wconf 80' lang='lat' dir='ltr'>et</span> 
     </span>
     <span class='ocr_line' id='line_1_13' title="bbox 434 1431 2736 1513; baseline 0.001 -21"><span class='ocrx_word' id='word_1_104' title='bbox 434 1433 683 1494; x_wconf 84' lang='lat' dir='ltr'>acerbos</span> <span class='ocrx_word' id='word_1_105' title='bbox 728 1433 1185 1512; x_wconf 78' lang='lat' dir='ltr'>Megarensibus</span> <span class='ocrx_word' id='word_1_106' title='bbox 1228 1432 1431 1511; x_wconf 86' lang='lat' dir='ltr'>injecit</span> <span class='ocrx_word' id='word_1_107' title='bbox 1466 1431 1686 1492; x_wconf 83' lang='lat' dir='ltr'>fletus!</span> <span class='ocrx_word' id='word_1_108' title='bbox 1787 1432 1944 1492; x_wconf 75' lang='lat' dir='ltr'>Bar..</span> <span class='ocrx_word' id='word_1_109' title='bbox 1989 1433 2056 1493; x_wconf 93' lang='lat' dir='ltr'>Io</span> <span class='ocrx_word' id='word_1_110' title='bbox 2099 1432 2320 1506; x_wconf 79' lang='lat' dir='ltr'>Sicilia,</span> <span class='ocrx_word' id='word_1_111' title='bbox 2361 1444 2428 1493; x_wconf 89' lang='lat' dir='ltr'>ut</span> <span class='ocrx_word' id='word_1_112' title='bbox 2467 1434 2624 1513; x_wconf 85' lang='lat' dir='ltr'>peris</span> <span class='ocrx_word' id='word_1_113' title='bbox 2667 1445 2736 1494; x_wconf 88' lang='lat' dir='ltr'>tu</span> 
     </span>
     <span class='ocr_line' id='line_1_14' title="bbox 432 1525 2736 1606; baseline -0.001 -18"><span class='ocrx_word' id='word_1_114' title='bbox 432 1526 651 1588; x_wconf 84' lang='lat' dir='ltr'>etiam!</span> <span class='ocrx_word' id='word_1_115' title='bbox 708 1527 919 1596; x_wconf 85' lang='lat' dir='ltr'>Qualis</span> <span class='ocrx_word' id='word_1_116' title='bbox 960 1527 1169 1586; x_wconf 80' lang='lat' dir='ltr'>civitas</span> <span class='ocrx_word' id='word_1_117' title='bbox 1210 1525 1646 1586; x_wconf 82' lang='lat' dir='ltr'>comminuetur</span> <span class='ocrx_word' id='word_1_118' title='bbox 1687 1525 1936 1586; x_wconf 80' lang='lat' dir='ltr'>misera!</span> <span class='ocrx_word' id='word_1_119' title='bbox 1987 1545 2100 1606; x_wconf 83' lang='lat' dir='ltr'>age</span> <span class='ocrx_word' id='word_1_120' title='bbox 2139 1525 2446 1588; x_wconf 82' lang='lat' dir='ltr'>infundam</span> <span class='ocrx_word' id='word_1_121' title='bbox 2499 1536 2562 1586; x_wconf 90' lang='lat' dir='ltr'>et</span> <span class='ocrx_word' id='word_1_122' title='bbox 2617 1527 2736 1588; x_wconf 79' lang='lat' dir='ltr'>mel</span> 
     </span>
     <span class='ocr_line' id='line_1_15' title="bbox 432 1619 2736 1690; baseline 0.001 -10"><span class='ocrx_word' id='word_1_123' title='bbox 432 1619 619 1680; x_wconf 86' lang='lat' dir='ltr'>hocce</span> <span class='ocrx_word' id='word_1_124' title='bbox 648 1619 931 1681; x_wconf 81' lang='lat' dir='ltr'>Atticum.</span> <span class='ocrx_word' id='word_1_125' title='bbox 974 1620 1194 1681; x_wconf 72' lang='lat' dir='ltr'>Tam.</span> <span class='ocrx_word' id='word_1_126' title='bbox 1240 1619 1408 1679; x_wconf 83' lang='lat' dir='ltr'>Heus</span> <span class='ocrx_word' id='word_1_127' title='bbox 1438 1631 1525 1690; x_wconf 87' lang='lat' dir='ltr'>tu,</span> <span class='ocrx_word' id='word_1_128' title='bbox 1556 1631 1763 1679; x_wconf 85' lang='lat' dir='ltr'>auctor</span> <span class='ocrx_word' id='word_1_129' title='bbox 1783 1639 1916 1678; x_wconf 89' lang='lat' dir='ltr'>sum</span> <span class='ocrx_word' id='word_1_130' title='bbox 1938 1620 2066 1690; x_wconf 89' lang='lat' dir='ltr'>tibi,</span> <span class='ocrx_word' id='word_1_131' title='bbox 2091 1630 2159 1678; x_wconf 88' lang='lat' dir='ltr'>ut</span> <span class='ocrx_word' id='word_1_132' title='bbox 2186 1619 2303 1679; x_wconf 89' lang='lat' dir='ltr'>alio</span> <span class='ocrx_word' id='word_1_133' title='bbox 2330 1621 2513 1680; x_wconf 86' lang='lat' dir='ltr'>utaris</span> <span class='ocrx_word' id='word_1_134' title='bbox 2537 1620 2736 1682; x_wconf 60' lang='lat' dir='ltr'>mellea</span> 
     </span>
     <span class='ocr_line' id='line_1_16' title="bbox 434 1701 2736 1792; baseline 0.001 -20"><span class='ocrx_word' id='word_1_135' title='bbox 434 1711 707 1782; x_wconf 84' lang='lat' dir='ltr'>Quatuor</span> <span class='ocrx_word' id='word_1_136' title='bbox 732 1713 920 1774; x_wconf 80' lang='lat' dir='ltr'>obolis</span> <span class='ocrx_word' id='word_1_137' title='bbox 950 1714 1065 1776; x_wconf 86' lang='lat' dir='ltr'>hoc</span> <span class='ocrx_word' id='word_1_138' title='bbox 1100 1712 1296 1775; x_wconf 83' lang='lat' dir='ltr'>venit:</span> <span class='ocrx_word' id='word_1_139' title='bbox 1356 1731 1534 1790; x_wconf 89' lang='lat' dir='ltr'>parce</span> <span class='ocrx_word' id='word_1_140' title='bbox 1577 1711 1796 1772; x_wconf 83' lang='lat' dir='ltr'>Attico.</span> <span class='ocrx_word' id='word_1_141' title='bbox 1884 1712 2039 1772; x_wconf 76' lang='lat' dir='ltr'>Bm..</span> <span class='ocrx_word' id='word_1_142' title='bbox 2082 1711 2262 1784; x_wconf 90' lang='lat' dir='ltr'>Puer,</span> <span class='ocrx_word' id='word_1_143' title='bbox 2303 1732 2452 1792; x_wconf 89' lang='lat' dir='ltr'>puer</span> <span class='ocrx_word' id='word_1_144' title='bbox 2491 1701 2736 1774; x_wconf 57' lang='lat' dir='ltr'>Tumulss</span> 
     </span>
     <span class='ocr_line' id='line_1_17' title="bbox 436 1804 2736 1884; baseline 0 -18"><span class='ocrx_word' id='word_1_145' title='bbox 436 1815 557 1869; x_wconf 85' lang='lat' dir='ltr'>tus.</span> <span class='ocrx_word' id='word_1_146' title='bbox 642 1806 819 1869; x_wconf 74' lang='lat' dir='ltr'>Tum.</span> <span class='ocrx_word' id='word_1_147' title='bbox 862 1807 1022 1876; x_wconf 88' lang='lat' dir='ltr'>Quid</span> <span class='ocrx_word' id='word_1_148' title='bbox 1048 1827 1141 1868; x_wconf 89' lang='lat' dir='ltr'>me</span> <span class='ocrx_word' id='word_1_149' title='bbox 1165 1804 1389 1866; x_wconf 71' lang='lat' dir='ltr'>vocas?</span> <span class='ocrx_word' id='word_1_150' title='bbox 1474 1805 1633 1867; x_wconf 64' lang='lat' dir='ltr'>Bm..</span> <span class='ocrx_word' id='word_1_151' title='bbox 1660 1805 1823 1866; x_wconf 85' lang='lat' dir='ltr'>Male</span> <span class='ocrx_word' id='word_1_152' title='bbox 1849 1806 2132 1884; x_wconf 89' lang='lat' dir='ltr'>plorabis.</span> <span class='ocrx_word' id='word_1_153' title='bbox 2163 1819 2168 1826; x_wconf 83' lang='grc'>·</span> <span class='ocrx_word' id='word_1_154' title='bbox 2217 1807 2434 1868; x_wconf 81' lang='lat' dir='ltr'>Stasne</span> <span class='ocrx_word' id='word_1_155' title='bbox 2463 1807 2736 1868; x_wconf 65' lang='lat' dir='ltr'>otiosus?</span> 
     </span>
     <span class='ocr_line' id='line_1_18' title="bbox 433 1898 2734 1979; baseline 0 -20"><span class='ocrx_word' id='word_1_156' title='bbox 433 1898 631 1960; x_wconf 85' lang='lat' dir='ltr'>nescis</span> <span class='ocrx_word' id='word_1_157' title='bbox 660 1902 813 1961; x_wconf 85' lang='lat' dir='ltr'>enim</span> <span class='ocrx_word' id='word_1_158' title='bbox 846 1921 1109 1979; x_wconf 84' lang='lat' dir='ltr'>pugnum</span> <span class='ocrx_word' id='word_1_159' title='bbox 1142 1901 1339 1973; x_wconf 85' lang='lat' dir='ltr'>istum,</span> <span class='ocrx_word' id='word_1_160' title='bbox 1363 1914 1429 1958; x_wconf 90' lang='lat' dir='ltr'>ut</span> <span class='ocrx_word' id='word_1_161' title='bbox 1448 1899 1528 1959; x_wconf 91' lang='lat' dir='ltr'>sit</span> <span class='ocrx_word' id='word_1_162' title='bbox 1551 1900 1820 1960; x_wconf 87' lang='lat' dir='ltr'>acerbus.</span> <span class='ocrx_word' id='word_1_163' title='bbox 1860 1899 2039 1958; x_wconf 69' lang='lat' dir='ltr'>Tum.</span> <span class='ocrx_word' id='word_1_164' title='bbox 2061 1899 2176 1960; x_wconf 88' lang='lat' dir='ltr'>Hei</span> <span class='ocrx_word' id='word_1_165' title='bbox 2209 1899 2350 1958; x_wconf 90' lang='lat' dir='ltr'>mihi</span> <span class='ocrx_word' id='word_1_166' title='bbox 2376 1901 2624 1961; x_wconf 86' lang='lat' dir='ltr'>misero!</span> <span class='ocrx_word' id='word_1_167' title='bbox 2653 1901 2734 1961; x_wconf 88' lang='lat' dir='ltr'>mi</span> 
     </span>
     <span class='ocr_line' id='line_1_19' title="bbox 434 1990 2736 2072; baseline 0.001 -20"><span class='ocrx_word' id='word_1_168' title='bbox 434 1992 600 2065; x_wconf 86' lang='lat' dir='ltr'>here,</span> <span class='ocrx_word' id='word_1_169' title='bbox 636 2013 775 2052; x_wconf 90' lang='lat' dir='ltr'>num</span> <span class='ocrx_word' id='word_1_170' title='bbox 806 1993 947 2054; x_wconf 86' lang='lat' dir='ltr'>allia</span> <span class='ocrx_word' id='word_1_171' title='bbox 975 1993 1245 2054; x_wconf 84' lang='lat' dir='ltr'>indidisti</span> <span class='ocrx_word' id='word_1_172' title='bbox 1274 1992 1333 2050; x_wconf 90' lang='lat' dir='ltr'>in</span> <span class='ocrx_word' id='word_1_173' title='bbox 1363 1992 1674 2072; x_wconf 67' lang='lat' dir='ltr'>pugnum?</span> <span class='ocrx_word' id='word_1_174' title='bbox 1762 1993 1918 2054; x_wconf 72' lang='lat' dir='ltr'>Bm..</span> <span class='ocrx_word' id='word_1_175' title='bbox 1938 1990 2258 2053; x_wconf 83' lang='lat' dir='ltr'>&#39;Afferesne</span> <span class='ocrx_word' id='word_1_176' title='bbox 2287 1991 2572 2072; x_wconf 79' lang='lat' dir='ltr'>pistillum</span> <span class='ocrx_word' id='word_1_177' title='bbox 2601 2014 2736 2054; x_wconf 84' lang='lat' dir='ltr'>cur-</span> 
     </span>
     <span class='ocr_line' id='line_1_20' title="bbox 434 2084 2734 2165; baseline 0.001 -18"><span class='ocrx_word' id='word_1_178' title='bbox 434 2084 669 2147; x_wconf 75' lang='lat' dir='ltr'>riculo?</span> <span class='ocrx_word' id='word_1_179' title='bbox 748 2087 926 2150; x_wconf 69' lang='lat' dir='ltr'>Tun.</span> <span class='ocrx_word' id='word_1_180' title='bbox 969 2087 1070 2159; x_wconf 79' lang='lat' dir='ltr'>At,</span> <span class='ocrx_word' id='word_1_181' title='bbox 1096 2088 1341 2156; x_wconf 81' lang='lat' dir='ltr'>ebone,</span> <span class='ocrx_word' id='word_1_182' title='bbox 1362 2105 1481 2146; x_wconf 80' lang='lat' dir='ltr'>non</span> <span class='ocrx_word' id='word_1_183' title='bbox 1512 2098 1606 2146; x_wconf 84' lang='lat' dir='ltr'>est</span> <span class='ocrx_word' id='word_1_184' title='bbox 1635 2087 1845 2147; x_wconf 85' lang='lat' dir='ltr'>nobis.</span> <span class='ocrx_word' id='word_1_185' title='bbox 1885 2086 2008 2146; x_wconf 88' lang='lat' dir='ltr'>heri</span> <span class='ocrx_word' id='word_1_186' title='bbox 2035 2085 2154 2146; x_wconf 86' lang='lat' dir='ltr'>hue</span> <span class='ocrx_word' id='word_1_187' title='bbox 2193 2088 2734 2165; x_wconf 82' lang='lat' dir='ltr'>commigravimus.</span> 
     </span>
    </p>

    <p class='ocr_par' dir='ltr' id='par_1_4' title="bbox 434 2177 2732 2261">
     <span class='ocr_line' id='line_1_21' title="bbox 434 2177 2732 2261; baseline 0.002 -23"><span class='ocrx_word' id='word_1_188' title='bbox 434 2179 594 2240; x_wconf 77' lang='lat' dir='ltr'>Bm..</span> <span class='ocrx_word' id='word_1_189' title='bbox 642 2179 857 2241; x_wconf 85' lang='lat' dir='ltr'>Nonne</span> <span class='ocrx_word' id='word_1_190' title='bbox 894 2201 1035 2242; x_wconf 82' lang='lat' dir='ltr'>vero</span> <span class='ocrx_word' id='word_1_191' title='bbox 1092 2180 1170 2241; x_wconf 88' lang='lat' dir='ltr'>ad</span> <span class='ocrx_word' id='word_1_192' title='bbox 1220 2177 1616 2240; x_wconf 77' lang='lat' dir='ltr'>Athenienses</span> <span class='ocrx_word' id='word_1_193' title='bbox 1659 2199 1860 2241; x_wconf 86' lang='lat' dir='ltr'>curres</span> <span class='ocrx_word' id='word_1_194' title='bbox 1915 2178 2162 2261; x_wconf 89' lang='lat' dir='ltr'>petitum</span> <span class='ocrx_word' id='word_1_195' title='bbox 2204 2180 2466 2241; x_wconf 83' lang='lat' dir='ltr'>cursim.</span> <span class='ocrx_word' id='word_1_196' title='bbox 2446 2179 2471 2222; x_wconf 78' lang='lat'>²</span> <span class='ocrx_word' id='word_1_197' title='bbox 2536 2181 2732 2244; x_wconf 14' lang='lat' dir='ltr'>*Tou</span> 
     </span>
    </p>

    <p class='ocr_par' dir='ltr' id='par_1_5' title="bbox 435 2259 2736 2355">
     <span class='ocr_line' id='line_1_22' title="bbox 435 2259 2736 2355; baseline 0 -21"><span class='ocrx_word' id='word_1_198' title='bbox 435 2271 683 2334; x_wconf 87' lang='lat' dir='ltr'>Curram</span> <span class='ocrx_word' id='word_1_199' title='bbox 708 2273 981 2353; x_wconf 85' lang='lat' dir='ltr'>equidem</span> <span class='ocrx_word' id='word_1_200' title='bbox 1006 2269 1238 2343; x_wconf 80' lang='lat' dir='ltr'>hercle·</span> <span class='ocrx_word' id='word_1_201' title='bbox 1298 2269 1389 2334; x_wconf 85' lang='lat' dir='ltr'>sin</span> <span class='ocrx_word' id='word_1_202' title='bbox 1420 2275 1637 2347; x_wconf 89' lang='lat' dir='ltr'>minus,</span> <span class='ocrx_word' id='word_1_203' title='bbox 1665 2273 1933 2355; x_wconf 80' lang='lat' dir='ltr'>plorabo.</span> <span class='ocrx_word' id='word_1_204' title='bbox 2016 2271 2234 2334; x_wconf 72' lang='grc' dir='ltr'><strong>Τιιῑο.</strong></span> <span class='ocrx_word' id='word_1_205' title='bbox 2277 2274 2477 2354; x_wconf 83' lang='lat' dir='ltr'>Agite,</span> <span class='ocrx_word' id='word_1_206' title='bbox 2504 2259 2736 2352; x_wconf 74' lang='lat' dir='ltr'>quaeso,</span> 
     </span>
    </p>

    <p class='ocr_par' dir='ltr' id='par_1_6' title="bbox 432 2359 2742 4606">
     <span class='ocr_line' id='line_1_23' title="bbox 436 2359 2740 2450; baseline -0 -21"><span class='ocrx_word' id='word_1_207' title='bbox 436 2368 583 2450; x_wconf 89' lang='lat' dir='ltr'>quid</span> <span class='ocrx_word' id='word_1_208' title='bbox 616 2368 921 2439; x_wconf 80' lang='lat' dir='ltr'>faciemus,</span> <span class='ocrx_word' id='word_1_209' title='bbox 942 2387 980 2428; x_wconf 92' lang='lat' dir='ltr'>o</span> <span class='ocrx_word' id='word_1_210' title='bbox 1011 2368 1205 2429; x_wconf 83' lang='lat' dir='ltr'>miseri</span> <span class='ocrx_word' id='word_1_211' title='bbox 1232 2359 1707 2430; x_wconf 75' lang='lat' dir='ltr'>homunciones?</span> <span class='ocrx_word' id='word_1_212' title='bbox 1758 2365 1954 2428; x_wconf 71' lang='lat' dir='ltr'>videte</span> <span class='ocrx_word' id='word_1_213' title='bbox 1982 2385 2162 2445; x_wconf 88' lang='lat' dir='ltr'>quam</span> <span class='ocrx_word' id='word_1_214' title='bbox 2195 2387 2412 2447; x_wconf 86' lang='lat' dir='ltr'>magno</span> <span class='ocrx_word' id='word_1_215' title='bbox 2441 2385 2740 2429; x_wconf 84' lang='lat' dir='ltr'>versemur</span> 
     </span>
     <span class='ocr_line' id='line_1_24' title="bbox 434 2458 2734 2551; baseline 0 -29"><span class='ocrx_word' id='word_1_216' title='bbox 434 2462 497 2524; x_wconf 83' lang='lat' dir='ltr'>in</span> <span class='ocrx_word' id='word_1_217' title='bbox 522 2463 809 2544; x_wconf 82' lang='lat' dir='ltr'>periculo.</span> <span class='ocrx_word' id='word_1_218' title='bbox 892 2460 1129 2542; x_wconf 84' lang='lat' dir='ltr'>Quippe</span> <span class='ocrx_word' id='word_1_219' title='bbox 1154 2461 1203 2521; x_wconf 88' lang='lat' dir='ltr'>si</span> <span class='ocrx_word' id='word_1_220' title='bbox 1227 2462 1519 2551; x_wconf 76' lang='lat' dir='ltr'>pistillum</span> <span class='ocrx_word' id='word_1_221' title='bbox 1543 2461 1739 2522; x_wconf 76' lang='lat' dir='ltr'>ferens</span> <span class='ocrx_word' id='word_1_222' title='bbox 1767 2458 2013 2531; x_wconf 77' lang='lat' dir='ltr'>venerit,</span> <span class='ocrx_word' id='word_1_223' title='bbox 2039 2458 2157 2519; x_wconf 84' lang='lat' dir='ltr'>isto</span> <span class='ocrx_word' id='word_1_224' title='bbox 2183 2459 2518 2520; x_wconf 87' lang='lat' dir='ltr'>contundet</span> <span class='ocrx_word' id='word_1_225' title='bbox 2555 2462 2734 2522; x_wconf 82' lang='lat' dir='ltr'>urbes</span> 
     </span>
     <span class='ocr_line' id='line_1_25' title="bbox 432 2551 2732 2636; baseline -0.002 -16"><span class='ocrx_word' id='word_1_226' title='bbox 432 2558 646 2628; x_wconf 72' lang='lat' dir='ltr'>otiose.</span> <span class='ocrx_word' id='word_1_227' title='bbox 728 2555 873 2627; x_wconf 87' lang='lat' dir='ltr'>Sed,</span> <span class='ocrx_word' id='word_1_228' title='bbox 902 2575 937 2616; x_wconf 94' lang='lat' dir='ltr'>o</span> <span class='ocrx_word' id='word_1_229' title='bbox 968 2551 1227 2627; x_wconf 82' lang='lat' dir='ltr'>Bacche,</span> <span class='ocrx_word' id='word_1_230' title='bbox 1255 2567 1482 2636; x_wconf 88' lang='lat' dir='ltr'>pereat,</span> <span class='ocrx_word' id='word_1_231' title='bbox 1524 2575 1638 2615; x_wconf 88' lang='lat' dir='ltr'>nec</span> <span class='ocrx_word' id='word_1_232' title='bbox 1681 2573 1949 2615; x_wconf 71' lang='lat' dir='ltr'>reversus</span> <span class='ocrx_word' id='word_1_233' title='bbox 1992 2552 2181 2612; x_wconf 82' lang='lat' dir='ltr'>ferat!</span> <span class='ocrx_word' id='word_1_234' title='bbox 2266 2552 2426 2614; x_wconf 78' lang='lat' dir='ltr'>Bm..</span> <span class='ocrx_word' id='word_1_235' title='bbox 2471 2552 2602 2612; x_wconf 86' lang='lat' dir='ltr'>Eho</span> <span class='ocrx_word' id='word_1_236' title='bbox 2641 2567 2732 2616; x_wconf 86' lang='lat' dir='ltr'>tu.</span> 
     </span>
     <span class='ocr_line' id='line_1_26' title="bbox 432 2643 2733 2719; baseline -0.002 -7"><span class='ocrx_word' id='word_1_237' title='bbox 432 2652 611 2714; x_wconf 69' lang='lat' dir='ltr'>Tun.</span> <span class='ocrx_word' id='word_1_238' title='bbox 658 2649 819 2719; x_wconf 88' lang='lat' dir='ltr'>Quid</span> <span class='ocrx_word' id='word_1_239' title='bbox 848 2647 987 2710; x_wconf 73' lang='lat' dir='ltr'>est?</span> <span class='ocrx_word' id='word_1_240' title='bbox 1070 2649 1228 2710; x_wconf 74' lang='lat' dir='ltr'>Bm..</span> <span class='ocrx_word' id='word_1_241' title='bbox 1276 2651 1411 2710; x_wconf 91' lang='lat' dir='ltr'>Non</span> <span class='ocrx_word' id='word_1_242' title='bbox 1452 2647 1678 2708; x_wconf 75' lang='lat' dir='ltr'>affers?</span> <span class='ocrx_word' id='word_1_243' title='bbox 1757 2648 1934 2708; x_wconf 68' lang='lat' dir='ltr'>Tun.</span> <span class='ocrx_word' id='word_1_244' title='bbox 1979 2645 2118 2718; x_wconf 89' lang='lat' dir='ltr'>Qui,</span> <span class='ocrx_word' id='word_1_245' title='bbox 2161 2645 2405 2718; x_wconf 87' lang='lat' dir='ltr'>malum,</span> <span class='ocrx_word' id='word_1_246' title='bbox 2447 2643 2733 2708; x_wconf 73' lang='lat' dir='ltr'>afferam?</span> 
     </span>
     <span class='ocr_line' id='line_1_27' title="bbox 432 2737 2736 2822; baseline -0.005 -14"><span class='ocrx_word' id='word_1_247' title='bbox 432 2745 621 2808; x_wconf 86' lang='lat' dir='ltr'>Periit</span> <span class='ocrx_word' id='word_1_248' title='bbox 647 2742 1133 2816; x_wconf 81' lang='lat' dir='ltr'>Atheniensibus,</span> <span class='ocrx_word' id='word_1_249' title='bbox 1172 2743 1362 2816; x_wconf 76' lang='lat' dir='ltr'>vides,</span> <span class='ocrx_word' id='word_1_250' title='bbox 1412 2741 1724 2822; x_wconf 85' lang='lat' dir='ltr'>pistillum,</span> <span class='ocrx_word' id='word_1_251' title='bbox 1777 2739 2088 2811; x_wconf 86' lang='lat' dir='ltr'>coriarius,</span> <span class='ocrx_word' id='word_1_252' title='bbox 2144 2740 2406 2819; x_wconf 87' lang='lat' dir='ltr'>inquam,</span> <span class='ocrx_word' id='word_1_253' title='bbox 2453 2737 2574 2811; x_wconf 87' lang='lat' dir='ltr'>ille,</span> <span class='ocrx_word' id='word_1_254' title='bbox 2631 2744 2736 2822; x_wconf 85' lang='lat' dir='ltr'>qui</span> 
     </span>
     <span class='ocr_line' id='line_1_28' title="bbox 433 2832 2736 2906; baseline -0.002 -4"><span class='ocrx_word' id='word_1_255' title='bbox 433 2841 711 2902; x_wconf 83' lang='lat' dir='ltr'>turbabat</span> <span class='ocrx_word' id='word_1_256' title='bbox 740 2837 1058 2898; x_wconf 76' lang='lat' dir='ltr'>Graeciam.</span> <span class='ocrx_word' id='word_1_257' title='bbox 1143 2837 1363 2898; x_wconf 62' lang='lat' dir='ltr'>Taso.</span> <span class='ocrx_word' id='word_1_258' title='bbox 1410 2837 1566 2896; x_wconf 86' lang='lat' dir='ltr'>Bene</span> <span class='ocrx_word' id='word_1_259' title='bbox 1596 2855 1764 2906; x_wconf 77' lang='lat' dir='ltr'>sane,</span> <span class='ocrx_word' id='word_1_260' title='bbox 1792 2855 1829 2895; x_wconf 94' lang='lat' dir='ltr'>o</span> <span class='ocrx_word' id='word_1_261' title='bbox 1857 2832 2194 2894; x_wconf 83' lang='lat' dir='ltr'>veneranda</span> <span class='ocrx_word' id='word_1_262' title='bbox 2223 2832 2464 2896; x_wconf 87' lang='lat' dir='ltr'>domina</span> <span class='ocrx_word' id='word_1_263' title='bbox 2513 2837 2736 2898; x_wconf 85' lang='lat' dir='ltr'>Miner-</span> 
     </span>
     <span class='ocr_line' id='line_1_29' title="bbox 432 2927 2736 3012; baseline -0.002 -17"><span class='ocrx_word' id='word_1_264' title='bbox 432 2953 531 3006; x_wconf 83' lang='lat' dir='ltr'>va,</span> <span class='ocrx_word' id='word_1_265' title='bbox 559 2935 782 2994; x_wconf 85' lang='lat' dir='ltr'>factum</span> <span class='ocrx_word' id='word_1_266' title='bbox 800 2942 917 3001; x_wconf 86' lang='lat' dir='ltr'>est,</span> <span class='ocrx_word' id='word_1_267' title='bbox 946 2930 1109 3009; x_wconf 89' lang='lat' dir='ltr'>quod</span> <span class='ocrx_word' id='word_1_268' title='bbox 1138 2931 1309 3012; x_wconf 87' lang='lat' dir='ltr'>periit</span> <span class='ocrx_word' id='word_1_269' title='bbox 1339 2929 1461 3002; x_wconf 90' lang='lat' dir='ltr'>ille,</span> <span class='ocrx_word' id='word_1_270' title='bbox 1488 2941 1551 2990; x_wconf 91' lang='lat' dir='ltr'>et</span> <span class='ocrx_word' id='word_1_271' title='bbox 1577 2931 1818 3010; x_wconf 81' lang='lat' dir='ltr'>quidem</span> <span class='ocrx_word' id='word_1_272' title='bbox 1845 2937 2182 3006; x_wconf 88' lang='lat' dir='ltr'>opportuno</span> <span class='ocrx_word' id='word_1_273' title='bbox 2213 2927 2548 3008; x_wconf 62' lang='lat' dir='ltr'>reipublicae</span> <span class='ocrx_word' id='word_1_274' title='bbox 2584 2943 2736 3006; x_wconf 78' lang='lat' dir='ltr'>tem-</span> 
     </span>
     <span class='ocr_line' id='line_1_30' title="bbox 432 3019 2734 3110; baseline -0.002 -22"><span class='ocrx_word' id='word_1_275' title='bbox 432 3037 943 3109; x_wconf 85' lang='lat' dir='ltr'>pore,-antequam</span> <span class='ocrx_word' id='word_1_276' title='bbox 976 3038 1265 3110; x_wconf 86' lang='lat' dir='ltr'>moretum</span> <span class='ocrx_word' id='word_1_277' title='bbox 1307 3023 1479 3083; x_wconf 88' lang='lat' dir='ltr'>nobis</span> <span class='ocrx_word' id='word_1_278' title='bbox 1522 3023 1882 3084; x_wconf 82' lang='lat' dir='ltr'>infunderet.</span> <span class='ocrx_word' id='word_1_279' title='bbox 1967 3019 2124 3082; x_wconf 75' lang='lat' dir='ltr'>Bm..</span> <span class='ocrx_word' id='word_1_280' title='bbox 2169 3021 2306 3080; x_wconf 88' lang='lat' dir='ltr'>Non</span> <span class='ocrx_word' id='word_1_281' title='bbox 2351 3023 2533 3104; x_wconf 78' lang='lat' dir='ltr'>igitur</span> <span class='ocrx_word' id='word_1_282' title='bbox 2573 3023 2734 3084; x_wconf 86' lang='lat' dir='ltr'>aliud</span> 
     </span>
     <span class='ocr_line' id='line_1_31' title="bbox 432 3114 2734 3198; baseline 0 -16"><span class='ocrx_word' id='word_1_283' title='bbox 432 3140 509 3182; x_wconf 77' lang='lat' dir='ltr'>ex</span> <span class='ocrx_word' id='word_1_284' title='bbox 538 3118 966 3180; x_wconf 67' lang='lat' dir='ltr'>Lacedaemone</span> <span class='ocrx_word' id='word_1_285' title='bbox 992 3137 1293 3180; x_wconf 80' lang='lat' dir='ltr'>arcessere</span> <span class='ocrx_word' id='word_1_286' title='bbox 1324 3117 1714 3198; x_wconf 68' lang='lat' dir='ltr'>properabis?</span> <span class='ocrx_word' id='word_1_287' title='bbox 1795 3116 1973 3174; x_wconf 70' lang='lat' dir='ltr'>Tun.</span> <span class='ocrx_word' id='word_1_288' title='bbox 2007 3114 2140 3174; x_wconf 91' lang='lat' dir='ltr'>Hoc</span> <span class='ocrx_word' id='word_1_289' title='bbox 2174 3133 2310 3194; x_wconf 83' lang='lat' dir='ltr'>ago,</span> <span class='ocrx_word' id='word_1_290' title='bbox 2339 3117 2502 3179; x_wconf 89' lang='lat' dir='ltr'>here.</span> <span class='ocrx_word' id='word_1_291' title='bbox 2573 3120 2734 3182; x_wconf 78' lang='lat' dir='ltr'>Bar..</span> 
     </span>
     <span class='ocr_line' id='line_1_32' title="bbox 434 3207 2734 3293; baseline 0 -20"><span class='ocrx_word' id='word_1_292' title='bbox 434 3213 575 3273; x_wconf 84' lang='lat' dir='ltr'>Cito</span> <span class='ocrx_word' id='word_1_293' title='bbox 596 3229 739 3292; x_wconf 85' lang='lat' dir='ltr'>ergo</span> <span class='ocrx_word' id='word_1_294' title='bbox 762 3209 910 3272; x_wconf 87' lang='lat' dir='ltr'>redi.</span> <span class='ocrx_word' id='word_1_295' title='bbox 992 3210 1209 3272; x_wconf 64' lang='lat' dir='ltr'>Ture.</span> <span class='ocrx_word' id='word_1_296' title='bbox 1254 3212 1309 3271; x_wconf 95' lang='grc' dir='ltr'>Ο</span> <span class='ocrx_word' id='word_1_297' title='bbox 1342 3211 1468 3283; x_wconf 80' lang='lat' dir='ltr'>viri,</span> <span class='ocrx_word' id='word_1_298' title='bbox 1498 3212 1643 3293; x_wconf 90' lang='lat' dir='ltr'>quid</span> <span class='ocrx_word' id='word_1_299' title='bbox 1678 3210 1852 3270; x_wconf 89' lang='lat' dir='ltr'>nobis</span> <span class='ocrx_word' id='word_1_300' title='bbox 1880 3207 2028 3268; x_wconf 75' lang='lat' dir='ltr'>fiet?</span> <span class='ocrx_word' id='word_1_301' title='bbox 2089 3227 2247 3270; x_wconf 88' lang='lat' dir='ltr'>nunc</span> <span class='ocrx_word' id='word_1_302' title='bbox 2275 3207 2334 3270; x_wconf 88' lang='lat' dir='ltr'>in</span> <span class='ocrx_word' id='word_1_303' title='bbox 2365 3231 2598 3272; x_wconf 87' lang='lat' dir='ltr'>summo</span> <span class='ocrx_word' id='word_1_304' title='bbox 2639 3231 2734 3274; x_wconf 82' lang='lat' dir='ltr'>res</span> 
     </span>
     <span class='ocr_line' id='line_1_33' title="bbox 432 3303 2740 3386; baseline 0 -19"><span class='ocrx_word' id='word_1_305' title='bbox 432 3317 527 3368; x_wconf 82' lang='lat' dir='ltr'>est</span> <span class='ocrx_word' id='word_1_306' title='bbox 550 3303 913 3366; x_wconf 72' lang='lat' dir='ltr'>discrimine.</span> <span class='ocrx_word' id='word_1_307' title='bbox 998 3305 1122 3365; x_wconf 85' lang='lat' dir='ltr'>Sed</span> <span class='ocrx_word' id='word_1_308' title='bbox 1148 3307 1199 3366; x_wconf 90' lang='lat' dir='ltr'>si</span> <span class='ocrx_word' id='word_1_309' title='bbox 1228 3307 1361 3386; x_wconf 89' lang='lat' dir='ltr'>quis</span> <span class='ocrx_word' id='word_1_310' title='bbox 1386 3307 1538 3368; x_wconf 83' lang='lat' dir='ltr'>forte</span> <span class='ocrx_word' id='word_1_311' title='bbox 1567 3318 1826 3366; x_wconf 85' lang='lat' dir='ltr'>vestrum</span> <span class='ocrx_word' id='word_1_312' title='bbox 1855 3304 1914 3361; x_wconf 89' lang='lat' dir='ltr'>in</span> <span class='ocrx_word' id='word_1_313' title='bbox 1959 3303 2368 3366; x_wconf 83' lang='lat' dir='ltr'>Samothracia</span> <span class='ocrx_word' id='word_1_314' title='bbox 2407 3317 2504 3366; x_wconf 88' lang='lat' dir='ltr'>est</span> <span class='ocrx_word' id='word_1_315' title='bbox 2542 3306 2740 3367; x_wconf 87' lang='lat' dir='ltr'>initia-</span> 
     </span>
     <span class='ocr_line' id='line_1_34' title="bbox 434 3397 2738 3481; baseline -0.002 -19"><span class='ocrx_word' id='word_1_316' title='bbox 434 3411 556 3473; x_wconf 87' lang='lat' dir='ltr'>tus,</span> <span class='ocrx_word' id='word_1_317' title='bbox 584 3419 743 3460; x_wconf 84' lang='lat' dir='ltr'>nunc</span> <span class='ocrx_word' id='word_1_318' title='bbox 764 3398 987 3477; x_wconf 89' lang='lat' dir='ltr'>precari</span> <span class='ocrx_word' id='word_1_319' title='bbox 1018 3398 1211 3469; x_wconf 85' lang='lat' dir='ltr'>decet,</span> <span class='ocrx_word' id='word_1_320' title='bbox 1234 3411 1301 3459; x_wconf 88' lang='lat' dir='ltr'>ut</span> <span class='ocrx_word' id='word_1_321' title='bbox 1326 3401 1427 3481; x_wconf 86' lang='lat' dir='ltr'>qui</span> <span class='ocrx_word' id='word_1_322' title='bbox 1455 3400 1742 3481; x_wconf 87' lang='lat' dir='ltr'>pistillum</span> <span class='ocrx_word' id='word_1_323' title='bbox 1767 3397 2038 3469; x_wconf 84' lang='lat' dir='ltr'>arcessit,</span> <span class='ocrx_word' id='word_1_324' title='bbox 2059 3397 2220 3458; x_wconf 84' lang='lat' dir='ltr'>illius</span> <span class='ocrx_word' id='word_1_325' title='bbox 2248 3399 2738 3479; x_wconf 87' lang='lat' dir='ltr'>distorqueantur</span> 
     </span>
     <span class='ocr_line' id='line_1_35' title="bbox 432 3490 2738 3574; baseline 0 -21"><span class='ocrx_word' id='word_1_326' title='bbox 432 3493 641 3574; x_wconf 86' lang='lat' dir='ltr'>pedes.</span> <span class='ocrx_word' id='word_1_327' title='bbox 724 3492 899 3552; x_wconf 76' lang='lat' dir='ltr'>Tim.</span> <span class='ocrx_word' id='word_1_328' title='bbox 931 3490 1045 3552; x_wconf 89' lang='lat' dir='ltr'>Hei</span> <span class='ocrx_word' id='word_1_329' title='bbox 1071 3493 1209 3553; x_wconf 89' lang='lat' dir='ltr'>mihi</span> <span class='ocrx_word' id='word_1_330' title='bbox 1238 3495 1475 3568; x_wconf 86' lang='lat' dir='ltr'>misero,</span> <span class='ocrx_word' id='word_1_331' title='bbox 1503 3495 1599 3555; x_wconf 92' lang='lat' dir='ltr'>hei</span> <span class='ocrx_word' id='word_1_332' title='bbox 1627 3492 1768 3552; x_wconf 87' lang='lat' dir='ltr'>mihi</span> <span class='ocrx_word' id='word_1_333' title='bbox 1809 3491 2041 3563; x_wconf 83' lang='lat' dir='ltr'>iterum,</span> <span class='ocrx_word' id='word_1_334' title='bbox 2085 3493 2410 3571; x_wconf 86' lang='lat' dir='ltr'>iterumque</span> <span class='ocrx_word' id='word_1_335' title='bbox 2438 3493 2531 3554; x_wconf 82' lang='lat' dir='ltr'>he‘i</span> <span class='ocrx_word' id='word_1_336' title='bbox 2553 3493 2738 3554; x_wconf 82' lang='lat' dir='ltr'>mihi!</span> 
     </span>
     <span class='ocr_line' id='line_1_36' title="bbox 438 3583 2738 3655; baseline 0 -7"><span class='ocrx_word' id='word_1_337' title='bbox 438 3588 595 3648; x_wconf 72' lang='lat' dir='ltr'>Bm..</span> <span class='ocrx_word' id='word_1_338' title='bbox 628 3584 791 3655; x_wconf 86' lang='lat' dir='ltr'>Quid</span> <span class='ocrx_word' id='word_1_339' title='bbox 816 3584 947 3644; x_wconf 68' lang='lat' dir='ltr'>est?</span> <span class='ocrx_word' id='word_1_340' title='bbox 974 3607 1111 3646; x_wconf 86' lang='lat' dir='ltr'>num</span> <span class='ocrx_word' id='word_1_341' title='bbox 1138 3607 1256 3648; x_wconf 88' lang='lat' dir='ltr'>non</span> <span class='ocrx_word' id='word_1_342' title='bbox 1284 3591 1400 3650; x_wconf 83' lang='lat' dir='ltr'>fers</span> <span class='ocrx_word' id='word_1_343' title='bbox 1424 3607 1584 3648; x_wconf 88' lang='lat' dir='ltr'>nunc</span> <span class='ocrx_word' id='word_1_344' title='bbox 1597 3583 1840 3646; x_wconf 65' lang='lat' dir='ltr'>etiam?</span> <span class='ocrx_word' id='word_1_345' title='bbox 1878 3584 2058 3645; x_wconf 76' lang='lat' dir='ltr'>Tou.</span> <span class='ocrx_word' id='word_1_346' title='bbox 2083 3584 2261 3646; x_wconf 89' lang='lat' dir='ltr'>Periit</span> <span class='ocrx_word' id='word_1_347' title='bbox 2289 3587 2442 3646; x_wconf 89' lang='lat' dir='ltr'>enim</span> <span class='ocrx_word' id='word_1_348' title='bbox 2468 3599 2528 3648; x_wconf 90' lang='lat' dir='ltr'>et</span> <span class='ocrx_word' id='word_1_349' title='bbox 2553 3587 2738 3648; x_wconf 89' lang='lat' dir='ltr'>Lace-</span> 
     </span>
     <span class='ocr_line' id='line_1_37' title="bbox 436 3678 2735 3765; baseline 0.001 -25"><span class='ocrx_word' id='word_1_350' title='bbox 436 3679 751 3740; x_wconf 78' lang='lat' dir='ltr'>doemoniis</span> <span class='ocrx_word' id='word_1_351' title='bbox 778 3680 1099 3759; x_wconf 85' lang='lat' dir='ltr'>pessimum</span> <span class='ocrx_word' id='word_1_352' title='bbox 1126 3681 1273 3742; x_wconf 88' lang='lat' dir='ltr'>illud</span> <span class='ocrx_word' id='word_1_353' title='bbox 1298 3681 1602 3765; x_wconf 85' lang='lat' dir='ltr'>pistillum.</span> <span class='ocrx_word' id='word_1_354' title='bbox 1664 3680 1819 3738; x_wconf 75' lang='lat' dir='ltr'>Bm..</span> <span class='ocrx_word' id='word_1_355' title='bbox 1853 3678 2196 3753; x_wconf 88' lang='lat' dir='ltr'>Quomodo,</span> <span class='ocrx_word' id='word_1_356' title='bbox 2225 3680 2519 3743; x_wconf 71' lang='lat' dir='ltr'>sceleste?</span> <span class='ocrx_word' id='word_1_357' title='bbox 2559 3682 2735 3742; x_wconf 70' lang='lat' dir='ltr'>Tun.</span> 
     </span>
     <span class='ocr_line' id='line_1_38' title="bbox 437 3771 2736 3856; baseline 0.001 -23"><span class='ocrx_word' id='word_1_358' title='bbox 437 3773 509 3833; x_wconf 81' lang='lat' dir='ltr'>In</span> <span class='ocrx_word' id='word_1_359' title='bbox 534 3772 847 3833; x_wconf 82' lang='lat' dir='ltr'>Thraciam</span> <span class='ocrx_word' id='word_1_360' title='bbox 868 3775 1155 3836; x_wconf 82' lang='lat' dir='ltr'>utendum</span> <span class='ocrx_word' id='word_1_361' title='bbox 1188 3775 1317 3834; x_wconf 88' lang='lat' dir='ltr'>aliis</span> <span class='ocrx_word' id='word_1_362' title='bbox 1346 3795 1525 3856; x_wconf 86' lang='lat' dir='ltr'>quum</span> <span class='ocrx_word' id='word_1_363' title='bbox 1549 3773 1858 3836; x_wconf 86' lang='lat' dir='ltr'>dedissent</span> <span class='ocrx_word' id='word_1_364' title='bbox 1874 3771 2044 3846; x_wconf 87' lang='lat' dir='ltr'>illud,</span> <span class='ocrx_word' id='word_1_365' title='bbox 2065 3772 2474 3856; x_wconf 87' lang='lat' dir='ltr'>perdiderunt.</span> <span class='ocrx_word' id='word_1_366' title='bbox 2515 3774 2736 3835; x_wconf 57' lang='lat' dir='ltr'>Tarso.</span> 
     </span>
     <span class='ocr_line' id='line_1_39' title="bbox 438 3866 2740 3957; baseline 0 -29"><span class='ocrx_word' id='word_1_367' title='bbox 438 3867 625 3939; x_wconf 75' lang='lat' dir='ltr'>Bene,</span> <span class='ocrx_word' id='word_1_368' title='bbox 655 3866 803 3926; x_wconf 87' lang='lat' dir='ltr'>bene</span> <span class='ocrx_word' id='word_1_369' title='bbox 826 3868 1067 3940; x_wconf 85' lang='lat' dir='ltr'>factum,</span> <span class='ocrx_word' id='word_1_370' title='bbox 1098 3888 1136 3928; x_wconf 90' lang='lat' dir='ltr'>o</span> <span class='ocrx_word' id='word_1_371' title='bbox 1168 3868 1478 3928; x_wconf 86' lang='lat' dir='ltr'>Dioscuri!</span> <span class='ocrx_word' id='word_1_372' title='bbox 1530 3868 1682 3928; x_wconf 84' lang='lat' dir='ltr'>sorte</span> <span class='ocrx_word' id='word_1_373' title='bbox 1710 3869 1862 3928; x_wconf 91' lang='lat' dir='ltr'>bene</span> <span class='ocrx_word' id='word_1_374' title='bbox 1889 3866 2036 3927; x_wconf 80' lang='lat' dir='ltr'>erit:</span> <span class='ocrx_word' id='word_1_375' title='bbox 2091 3866 2309 3929; x_wconf 88' lang='lat' dir='ltr'>habete</span> <span class='ocrx_word' id='word_1_376' title='bbox 2345 3871 2566 3928; x_wconf 88' lang='lat' dir='ltr'>bonum</span> <span class='ocrx_word' id='word_1_377' title='bbox 2608 3868 2740 3957; x_wconf 65' lang='grc' dir='ltr'>ιιιίο·ἱ</span> 
     </span>
     <span class='ocr_line' id='line_1_40' title="bbox 434 3961 2738 4043; baseline -0 -21"><span class='ocrx_word' id='word_1_378' title='bbox 434 3979 620 4031; x_wconf 84' lang='lat' dir='ltr'>mum,</span> <span class='ocrx_word' id='word_1_379' title='bbox 675 3961 980 4023; x_wconf 87' lang='lat' dir='ltr'>mortales.</span> <span class='ocrx_word' id='word_1_380' title='bbox 1062 3962 1219 4022; x_wconf 77' lang='lat' dir='ltr'>Bm..</span> <span class='ocrx_word' id='word_1_381' title='bbox 1262 3963 1429 4043; x_wconf 89' lang='lat' dir='ltr'>Cape</span> <span class='ocrx_word' id='word_1_382' title='bbox 1470 3981 1676 4022; x_wconf 85' lang='lat' dir='ltr'>rursus</span> <span class='ocrx_word' id='word_1_383' title='bbox 1719 3963 1850 4024; x_wconf 80' lang='lat' dir='ltr'>haec</span> <span class='ocrx_word' id='word_1_384' title='bbox 1893 3981 2057 4034; x_wconf 84' lang='lat' dir='ltr'>vasa,</span> <span class='ocrx_word' id='word_1_385' title='bbox 2099 3963 2492 4042; x_wconf 87' lang='lat' dir='ltr'>eaque.intro</span> <span class='ocrx_word' id='word_1_386' title='bbox 2532 3961 2738 4022; x_wconf 80' lang='lat' dir='ltr'>aufer:</span> 
     </span>
     <span class='ocr_line' id='line_1_41' title="bbox 438 4055 2740 4138; baseline 0 -23"><span class='ocrx_word' id='word_1_387' title='bbox 438 4073 554 4134; x_wconf 76' lang='lat' dir='ltr'>ego</span> <span class='ocrx_word' id='word_1_388' title='bbox 584 4072 723 4114; x_wconf 78' lang='lat' dir='ltr'>vero</span> <span class='ocrx_word' id='word_1_389' title='bbox 760 4055 1065 4136; x_wconf 87' lang='lat' dir='ltr'>ingressus</span> <span class='ocrx_word' id='word_1_390' title='bbox 1094 4055 1379 4136; x_wconf 84' lang='lat' dir='ltr'>pistillum</span> <span class='ocrx_word' id='word_1_391' title='bbox 1409 4056 1644 4117; x_wconf 79' lang='lat' dir='ltr'>faciam.</span> <span class='ocrx_word' id='word_1_392' title='bbox 1726 4057 1945 4119; x_wconf 54' lang='lat' dir='ltr'>Taso.</span> <span class='ocrx_word' id='word_1_393' title='bbox 1991 4055 2168 4117; x_wconf 88' lang='lat' dir='ltr'>Nunc</span> <span class='ocrx_word' id='word_1_394' title='bbox 2197 4057 2313 4118; x_wconf 91' lang='lat' dir='ltr'>hoc</span> <span class='ocrx_word' id='word_1_395' title='bbox 2341 4057 2536 4138; x_wconf 81' lang='lat' dir='ltr'>ipsum</span> <span class='ocrx_word' id='word_1_396' title='bbox 2565 4055 2740 4115; x_wconf 82' lang='lat' dir='ltr'>Dati-</span> 
     </span>
     <span class='ocr_line' id='line_1_42' title="bbox 438 4147 2742 4230; baseline 0 -22"><span class='ocrx_word' id='word_1_397' title='bbox 438 4147 531 4208; x_wconf 85' lang='lat' dir='ltr'>dis</span> <span class='ocrx_word' id='word_1_398' title='bbox 558 4165 797 4209; x_wconf 83' lang='lat' dir='ltr'>carmen</span> <span class='ocrx_word' id='word_1_399' title='bbox 824 4150 1035 4211; x_wconf 86' lang='lat' dir='ltr'>iterare</span> <span class='ocrx_word' id='word_1_400' title='bbox 1063 4149 1441 4210; x_wconf 87' lang='lat' dir='ltr'>commodum</span> <span class='ocrx_word' id='word_1_401' title='bbox 1464 4159 1578 4220; x_wconf 87' lang='lat' dir='ltr'>est,</span> <span class='ocrx_word' id='word_1_402' title='bbox 1609 4150 1770 4230; x_wconf 89' lang='lat' dir='ltr'>quod</span> <span class='ocrx_word' id='word_1_403' title='bbox 1795 4151 1896 4212; x_wconf 89' lang='lat' dir='ltr'>ille</span> <span class='ocrx_word' id='word_1_404' title='bbox 1915 4151 2200 4212; x_wconf 85' lang='lat' dir='ltr'>cantabat</span> <span class='ocrx_word' id='word_1_405' title='bbox 2225 4149 2550 4230; x_wconf 85' lang='lat' dir='ltr'>aliquando</span> <span class='ocrx_word' id='word_1_406' title='bbox 2580 4167 2742 4209; x_wconf 79' lang='lat' dir='ltr'>mas·</span> 
     </span>
     <span class='ocr_line' id='line_1_43' title="bbox 434 4241 2740 4326; baseline 0 -24"><span class='ocrx_word' id='word_1_407' title='bbox 434 4243 685 4302; x_wconf 82' lang='lat' dir='ltr'>turbans</span> <span class='ocrx_word' id='word_1_408' title='bbox 712 4242 991 4304; x_wconf 85' lang='lat' dir='ltr'>meridie:</span> <span class='ocrx_word' id='word_1_409' title='bbox 1041 4246 1233 4317; x_wconf 72' lang='lat' dir='ltr'>Quem·</span> <span class='ocrx_word' id='word_1_410' title='bbox 1259 4243 1455 4316; x_wconf 74' lang='lat' dir='ltr'>loetor,</span> <span class='ocrx_word' id='word_1_411' title='bbox 1483 4263 1656 4324; x_wconf 76' lang='lat' dir='ltr'>quam</span> <span class='ocrx_word' id='word_1_412' title='bbox 1683 4243 1962 4316; x_wconf 75' lang='lat' dir='ltr'>delector,</span> <span class='ocrx_word' id='word_1_413' title='bbox 1987 4263 2160 4326; x_wconf 74' lang='lat' dir='ltr'>quam</span> <span class='ocrx_word' id='word_1_414' title='bbox 2184 4244 2503 4324; x_wconf 74' lang='lat' dir='ltr'>gaudeor!</span> <span class='ocrx_word' id='word_1_415' title='bbox 2561 4241 2740 4302; x_wconf 86' lang='lat' dir='ltr'>Nunc</span> 
     </span>
     <span class='ocr_line' id='line_1_44' title="bbox 436 4335 2740 4418; baseline -0 -20"><span class='ocrx_word' id='word_1_416' title='bbox 436 4336 634 4409; x_wconf 81' lang='lat' dir='ltr'>nobis,</span> <span class='ocrx_word' id='word_1_417' title='bbox 662 4355 699 4396; x_wconf 92' lang='lat' dir='ltr'>o</span> <span class='ocrx_word' id='word_1_418' title='bbox 727 4337 947 4410; x_wconf 81' lang='lat' dir='ltr'>Groeci,</span> <span class='ocrx_word' id='word_1_419' title='bbox 972 4351 1207 4418; x_wconf 83' lang='lat' dir='ltr'>tempus</span> <span class='ocrx_word' id='word_1_420' title='bbox 1232 4357 1299 4398; x_wconf 90' lang='lat' dir='ltr'>se</span> <span class='ocrx_word' id='word_1_421' title='bbox 1322 4337 1431 4398; x_wconf 89' lang='lat' dir='ltr'>dat</span> <span class='ocrx_word' id='word_1_422' title='bbox 1454 4347 1874 4418; x_wconf 87' lang='lat' dir='ltr'>opportunum,</span> <span class='ocrx_word' id='word_1_423' title='bbox 1901 4347 1970 4398; x_wconf 90' lang='lat' dir='ltr'>ut</span> <span class='ocrx_word' id='word_1_424' title='bbox 1997 4337 2176 4396; x_wconf 87' lang='lat' dir='ltr'>soluti</span> <span class='ocrx_word' id='word_1_425' title='bbox 2207 4337 2410 4397; x_wconf 84' lang='lat' dir='ltr'>litibus</span> <span class='ocrx_word' id='word_1_426' title='bbox 2429 4345 2490 4395; x_wconf 90' lang='lat' dir='ltr'>et</span> <span class='ocrx_word' id='word_1_427' title='bbox 2519 4335 2740 4413; x_wconf 77' lang='lat' dir='ltr'>praeliis&#39;</span> 
     </span>
     <span class='ocr_line' id='line_1_45' title="bbox 434 4426 2742 4511; baseline -0 -20"><span class='ocrx_word' id='word_1_428' title='bbox 434 4430 817 4491; x_wconf 76' lang='lat' dir='ltr'>extrahamus</span> <span class='ocrx_word' id='word_1_429' title='bbox 846 4429 1065 4492; x_wconf 85' lang='lat' dir='ltr'>Pacem</span> <span class='ocrx_word' id='word_1_430' title='bbox 1093 4431 1367 4491; x_wconf 85' lang='lat' dir='ltr'>omnibus</span> <span class='ocrx_word' id='word_1_431' title='bbox 1394 4450 1617 4503; x_wconf 91' lang='lat' dir='ltr'>caram,</span> <span class='ocrx_word' id='word_1_432' title='bbox 1673 4440 1992 4511; x_wconf 85' lang='lat' dir='ltr'>antequam</span> <span class='ocrx_word' id='word_1_433' title='bbox 2017 4449 2221 4490; x_wconf 79' lang='lat' dir='ltr'>rursus</span> <span class='ocrx_word' id='word_1_434' title='bbox 2250 4428 2410 4490; x_wconf 89' lang='lat' dir='ltr'>aliud</span> <span class='ocrx_word' id='word_1_435' title='bbox 2429 4426 2742 4510; x_wconf 81' lang='lat' dir='ltr'>quoddam</span> 
     </span>
     <span class='ocr_line' id='line_1_46' title="bbox 434 4521 2738 4606; baseline -0.001 -22"><span class='ocrx_word' id='word_1_436' title='bbox 434 4522 721 4604; x_wconf 81' lang='lat' dir='ltr'>pistillum</span> <span class='ocrx_word' id='word_1_437' title='bbox 750 4521 1173 4604; x_wconf 84' lang='lat' dir='ltr'>impedimento</span> <span class='ocrx_word' id='word_1_438' title='bbox 1202 4526 1300 4587; x_wconf 79' lang='lat' dir='ltr'>sit.</span> <span class='ocrx_word' id='word_1_439' title='bbox 1362 4524 1505 4598; x_wconf 89' lang='lat' dir='ltr'>Sed,</span> <span class='ocrx_word' id='word_1_440' title='bbox 1535 4544 1574 4586; x_wconf 92' lang='lat' dir='ltr'>o</span> <span class='ocrx_word' id='word_1_441' title='bbox 1601 4524 1904 4606; x_wconf 72' lang='lat' dir='ltr'>agricolus,</span> <span class='ocrx_word' id='word_1_442' title='bbox 1933 4536 1994 4586; x_wconf 90' lang='lat' dir='ltr'>et</span> <span class='ocrx_word' id='word_1_443' title='bbox 2039 4531 2422 4599; x_wconf 81' lang='lat' dir='ltr'>mercatores,</span> <span class='ocrx_word' id='word_1_444' title='bbox 2459 4533 2524 4585; x_wconf 89' lang='lat' dir='ltr'>et</span> <span class='ocrx_word' id='word_1_445' title='bbox 2565 4522 2738 4596; x_wconf 82' lang='lat' dir='ltr'>fabri,</span> 
     </span>
    </p>
   </div>
  </div>
 </body>
</html>
