3059 5059
298 357 659 438 857—912]
885 350 2055 419 THBSMOPHORIAZUSAE.
2493 368 2600 428 161

294 487 708 558 confluente,
733 485 836 566 qui
862 503 971 566 pro
1012 483 1241 548 coelesti
1282 479 1489 563 pluvia
1533 477 1774 564 AEgypti
1821 483 2016 546 solum
2057 489 2331 551 candidoe
2375 493 2602 576 irrigat,

290 580 469 661 nigra
493 600 754 663 syrmaea
778 579 1143 640 victitantem
1168 574 1475 657 populum.
1520 575 1705 637 Mur..
1728 575 1869 638 vll.
1900 579 2179 648 Omnium
2201 583 2598 650 machinarum

292 674 527 755 peritus
556 693 645 748 es,
706 693 813 754 per
867 673 1137 732 Hecaten
1190 668 1518 730 luciferam.
1605 669 1826 732 Mans.
1887 671 2038 734 Mihi
2089 693 2230 736 vero
2280 679 2474 755 patria
2509 691 2604 743 est

292 764 537 845 quidem
568 767 727 827 haud
745 764 1049 846 ignobilis,
1076 765 1332 844 Sparta:
1381 771 1551 842 pater
1578 773 1774 825 autem
1801 763 2178 845 Tyndareus.
2250 768 2431 832 Mur..
2459 771 2600 836 vn.

290 859 590 935 Tibine,o
618 860 868 942 perdite,
914 858 1029 920 iste
1068 867 1163 918 est
1202 853 1415 936 pater?
1470 856 1650 916 immo
1675 875 1830 936 ‚vero
1876 857 2294 940 Phrynondas.
2379 865 2597 928 Mnus.

294 952 535 1014 Helena
587 964 785 1014 autem
833 969 1033 1013 vocor.
1144 948 1329 1010 Μῖνι..
1361 947 1501 1009 VH.
1560 949 1661 1032 Fis
1717 969 1922 1012 rursus
1978 951 2222 1028 femina,
2277 967 2599 1038 antequam

292 1045 507 1124 prioris
534 1045 784 1117 fraudis,
820 1065 940 1126 qua
989 1043 1266 1104 feminam
1310 1043 1594 1102 mentitus
1646 1062 1736 1111 es,
1772 1042 2008 1104 dederis
2049 1047 2302 1127 poenas?
2385 1050 2602 1112 Mnas-

293 1140 419 1200 viri
460 1149 661 1202 autem
714 1137 885 1200 multi
934 1147 1170 1220 propter
1212 1153 1309 1196 me
1352 1135 1431 1195 ad
1472 1134 1863 1198 scamandria
1901 1137 2130 1202 fluenta
2174 1143 2597 1206 occubuerunt.

294 1231 481 1293 Mur..
508 1231 649 1294 vn.
680 1233 919 1293 Utinam
937 1242 1003 1292 tu
1032 1234 1310 1310 quoque!
1391 1229 1504 1290 Mn
1516 1247 1610 1290 ns.
1639 1229 1720 1289 Et
1745 1248 1860 1308 ego
1888 1230 2161 1312 equidem
2193 1233 2290 1295 hic
2315 1253 2486 1305 sumz
2538 1249 2602 1297 at

292 1326 474 1386 miser
497 1325 743 1386 maritus
794 1345 963 1385 meus
1012 1322 1329 1384 Menelaus
1372 1321 1638 1384 nondum
1677 1321 1937 1384 advenit.
2021 1327 2184 1396 Quid
2233 1328 2412 1408 igitur
2467 1328 2602 1390 vivo

290 1435 607 1479 corvorum
632 1416 913 1498 ignavia?
966 1415 1075 1478 sed
1103 1415 1325 1496 aliquid
1353 1416 1527 1496 quasi
1548 1414 1857 1478 blanditur
1877 1418 2044 1478 cordi
2072 1439 2224 1483 meo.
2313 1421 2404 1482 Ne
2447 1422 2602 1484 frus-

290 1510 487 1588 treris,
508 1512 819 1592 oJupiter,
847 1509 1423 1592 appropinquantem
1444 1528 1614 1590 spem
1643 1527 1859 1570 meam.
1902 1511 2071 1575 Eua.
2099 1525 2170 1574 nt
2197 1513 2599 1578 Menenius.

292 1604 444 1674 Quis
472 1602 685 1664 harum
714 1605 1069 1688 munitarum
1092 1600 1313 1662 oedium
1340 1615 1435 1664 est
1460 1601 1760 1676 dominus,
1785 1603 1888 1683 qui
1931 1603 2195 1685 hospites
2239 1607 2497 1687 excipiat
2537 1609 2600 1670 in

290 1698 437 1759 mari
464 1699 747 1760 fiuctibus
776 1697 1001 1778 agitato
1042 1703 1454 1776 tempestatem
1506 1713 1720 1776 passos
1761 1705 1828 1772 ,et
1873 1697 2295 1778 naufragium?
2379 1699 2601 1766 Mults.

288 1791 491 1852 Protei
542 1790 675 1852 hec
718 1802 817 1852 est
860 1790 1095 1853 domus.
1206 1787 1377 1850 Eun.
1433 1787 1760 1867 Cujusnam
1806 1788 2051 1852 Protei?
2136 1792 2318 1853 Mur..
2350 1794 2488 1854 vn.
2541 1796 2595 1854 Ο

286 1883 715 1956 infelicissime,
768 1883 1049 1944 mentitur
1102 1892 1360 1944 ecastor.
1444 1879 1604 1944 Nam
1651 1891 1919 1944 mortuus
1965 1894 2063 1946 est
2118 1885 2366 1946 Proteas
2424 1887 2597 1948 annis

288 1976 509 2037 abhinc
530 1977 760 2039 decem.
806 1977 979 2038 Eua.
1011 1974 1107 2037 Ad
1136 1994 1321 2056 quam
1343 1993 1480 2035 vero
1508 1985 1724 2047 terram
1753 1975 2008 2056 appulsa
2031 1988 2129 2039 est
2153 1979 2324 2039 navis
2349 1979 2599 2040 nostra?

286 2068 511 2132 Mass.
542 2069 892 2151 Egyptum.
977 2068 1147 2130 Eua.
1187 2068 1241 2127 Ο
1298 2087 1395 2128 me
1452 2066 1770 2128 miserum!
1827 2087 1948 2148 quo
2005 2079 2359 2154 tempestate
2415 2071 2600 2134 delati

284 2169 538 2224 snmus!
621 2163 807 2224 Mur..
834 2161 975 2222 VH.
1007 2161 1319 2234 Credisne,
1346 2179 1385 2220 o
1416 2159 1620 2230 stulte,
1648 2159 1786 2222 huic
1828 2161 1984 2222 male
2023 2163 2305 2252 perituro,
2349 2167 2600 2247 nuganti

284 2257 531 2337 nugas?
576 2253 1110 2335 Thesmophorium
1152 2253 1269 2314 hoc
1310 2262 1423 2312 est.
1510 2251 1680 2311 Eua.
1733 2254 1872 2331 Ipse
1918 2273 2056 2314 vero
2101 2254 2374 2332 Proteus,
2423 2271 2598 2320 estne

284 2348 473 2422 domi,
502 2369 583 2410 an
608 2348 798 2412 foris?
882 2348 1066 2410 Mun.
1097 2347 1236 2405 Vll.
1261 2345 1438 2404 Certe
1460 2363 1688 2404 nausea
1715 2343 1950 2406 laboras
1973 2345 2192 2420 adhue,
2221 2348 2464 2431 hospes,
2491 2353 2596 2432 qui

282 2454 611 2522 postquam
640 2440 919 2502 audivisti
943 2431 1239 2499 mortuum
1268 2455 1404 2497 esse
1434 2437 1737 2508 Proteam,
1765 2448 1964 2499 tamen
1993 2441 2220 2521 rogitas
2247 2443 2403 2504 sitne
2433 2443 2596 2504 domi

284 2553 359 2594 sn
398 2536 569 2597 foris.
654 2533 827 2594 Eun.
876 2533 1055 2600 Heu:
1112 2531 1266 2592 heu!
1318 2539 1587 2591 mortuus
1628 2541 1746 2592 est.
1830 2531 1944 2591 Ubi
1988 2552 2128 2593 vero
2173 2533 2452 2597 conditus
2499 2547 2597 2598 est

282 2627 611 2710 sepulcro?
719 2626 937 2686 Mnus.
967 2624 1101 2686 Hoc
1157 2633 1253 2685 est
1306 2623 1495 2705 ipsius
1545 2623 1904 2704 sepulcrum,
1951 2624 2041 2718 ad·
2078 2626 2242 2706 quod
2285 2627 2591 2693 sedemus.

283 2721 470 2784 Mur..
501 2721 643 2783 vn.
682 2717 850 2781 Male
903 2737 1133 2800 pereas,
1182 2729 1245 2782 et
1302 2717 1520 2798 peribis
1576 2715 1803 2796 utique,
1859 2719 1962 2797 qui
2013 2719 2198 2782 audes
2253 2723 2592 2803 sepulcrum

286 2835 503 2877 vocare
545 2833 730 2876 aram.
816 2813 990 2874 Eua.
1021 2811 1143 2872 Cur
1186 2829 1327 2873 vero
1374 2809 1552 2872 sedes
1595 2810 1655 2870 in
1705 2811 1818 2872 hac
1865 2811 2180 2894 sepulcrali
2216 2814 2381 2889 sede,
2431 2815 2595 2897 palla

282 2909 545 2983 obtecta,
572 2905 842 2988 hospes?
922 2904 1138 2966 Mnus.
1189 2905 1265 2964 vi
1322 2923 1506 2984 cogor
1550 2903 1772 2985 nuptiis
1825 2923 1961 2965 cum
2019 2905 2216 2968 Protei
2275 2909 2396 2970 filio
2443 2911 2593 2974 inire

282 3003 423 3066 lecti
451 3002 822 3064 societatem.
892 2998 1077 3061 Mur..
1104 2998 1245 3060 VII.
1276 2997 1437 3068 Quid
1458 3014 1685 3069 rursus,
1714 2997 1938 3073 infelix,
1965 2997 2192 3080 decipis
2219 3003 2593 3084 peregrinum

281 3095 493 3158 hunc?
536 3095 725 3158 Hicce
770 3092 1047 3154 fraudum
1097 3089 1310 3155 artifex,
1363 3091 1483 3152 huc
1529 3091 1822 3164 ascendit,
1877 3091 2120 3171 hospes,
2169 3094 2248 3154 ad
2293 3095 2593 3170 mulieres,

282 3190 409 3250 anri
430 3189 667 3250 furandi
694 3187 907 3268 gratia.
966 3185 1182 3246 Mnus.
1214 3185 1413 3258 Latra,
1440 3203 1661 3264 corpus
1686 3203 1881 3244 meum
1902 3185 2208 3246 incessens
2238 3187 2592 3252 maledictis.

278 3283 457 3344 Eun.
492 3281 681 3353 Heus,
709 3277 1041 3361 peregrina,
1063 3295 1341 3358 quaenam
1370 3287 1466 3338 est
1490 3278 1626 3338 haec
1653 3297 1826 3351 anus,
1851 3297 1989 3358 quae
2007 3289 2065 3340 te
2087 3280 2371 3340 conviciis
2395 3283 2591 3344 insec-

274 3374 485 3437 tatur?
568 3373 786 3435 Mans.
809 3372 960 3433 Haec
988 3382 1085 3432 est
1110 3371 1419 3444 Theonoii,
1447 3371 1648 3432 Protei
1677 3370 1818 3432 filia.
1903 3371 2084 3433 Mol..
2115 3371 2252 3432 VII.
2285 3373 2446 3446 Non,
2485 3396 2592 3456 per

276 3469 485 3531 Deae:
538 3486 670 3528 sum
700 3465 971 3546 Critylla,
994 3464 1261 3526 Antithei
1289 3465 1433 3539 filia,
1462 3464 1642 3525 domo
1671 3463 2018 3544 Gargettia:
2077 3474 2142 3525 tu
2171 3483 2311 3526 veto
2352 3487 2418 3528 es
2461 3489 2593 3528 sce-

274 3563 493 3624 lestus.
578 3561 799 3620 Mnus.
842 3560 1235 3638 Quoecunque
1283 3557 1395 3631 vis,
1436 3558 1576 3618 dic:
1629 3575 1932 3638 nunquam
1979 3557 2136 3618 enim
2165 3559 2384 3620 nubam
2427 3561 2589 3623 fratri

272 3667 402 3728 tuo,
430 3654 715 3715 deserens
744 3653 1086 3713 Menelaum
1130 3671 1324 3712 meum
1367 3650 1447 3711 ad
1494 3651 1730 3731 Trojam
1773 3649 2063 3713 maritum.
2151 3651 2314 3712 Eua.
2349 3652 2586 3728 Mulier,

275 3747 428 3829 quid
454 3746 652 3810 dixti?
706 3748 824 3808 huc
874 3747 1063 3808 aciem
1092 3745 1397 3807 oculorum
1438 3755 1673 3805 tuorum
1717 3754 2013 3804 converte.
2099 3742 2319 3804 Mans.
2367 3746 2588 3808 Intueri

276 3853 339 3902 te
366 3859 573 3904 coram
598 3859 693 3900 me
722 3839 928 3921 pudet,
960 3841 1039 3900 ob
1080 3837 1501 3900 contumeliam
1553 3857 1732 3919 quam
1772 3855 1969 3917 passm
2018 3847 2160 3897 sunt
2197 3855 2368 3918 genae
2415 3861 2586 3905 meae.

274 3934 451 3996 Eun.
484 3934 619 3996 Hoc
644 3933 789 4014 quid
818 3931 953 3994 est?
1026 3931 1254 3996 Vocem
1308 3931 1654 3994 intercludit
1699 3929 1840 3991 mihi
1879 3941 2105 4012 stupor.
2188 3931 2244 3990 Ο
2273 3931 2377 4005 dii,
2403 3949 2586 4014 quam

272 4029 495 4090 faciem
520 4026 742 4089 video?
794 4045 1071 4108 quaenam
1112 4045 1195 4096 es,
1220 4025 1473 4088 mulier?
1555 4024 1769 4086 Mnus.
1813 4026 1896 4084 At
1937 4034 2002 4083 tu
2042 4023 2178 4103 quis
2207 4023 2317 4085 es?
2362 4025 2584 4090 Eadem

270 4122 435 4186 enim
493 4131 555 4182 te
608 4131 673 4182 et
720 4140 815 4183 me
864 4118 1271 4182 admirationis
1316 4127 1483 4180 tenet
1526 4118 1698 4180 ratio.
1783 4117 1954 4178 Eua..
2013 4115 2171 4177 Num
2229 4116 2446 4183 Groeca
2493 4143 2582 4197 es,

272 4233 355 4276 an
402 4213 691 4295 indigena
746 4213 1003 4276 mulier?
1084 4212 1304 4274 Mnus.
1344 4211 1587 4274 Graeca.
1671 4209 1794 4272 Sed
1861 4223 1924 4270 et
1986 4220 2152 4272 tuum
2213 4230 2401 4292 genus
2461 4214 2586 4276 dis·

270 4327 413 4370 cere
469 4309 669 4389 cupio.
778 4308 951 4369 Eua.
1008 4307 1259 4368 Helenae
1326 4317 1385 4366 te
1452 4305 1704 4366 similem
1774 4303 2027 4365 maxime
2095 4304 2290 4380 video,
2355 4307 2582 4368 mulier.

274 4401 503 4462 Mirus.
530 4401 665 4482 Ego
689 4421 831 4463 vero
874 4410 933 4463 te
981 4401 1284 4472 Menelao,
1337 4399 1548 4460 saltem
1597 4397 1758 4478 quod
1805 4397 1884 4458 ad
1932 4397 2112 4460 olera.
2198 4401 2367 4462 Eun.
2397 4401 2584 4462 Recte

271 4494 555 4556 nimirum
620 4494 901 4574 agnoscis
968 4496 1159 4558 virum
1224 4493 1636 4556 miserrimum.
1745 4491 1962 4556 Mans.
2021 4492 2077 4551 Ο
2141 4513 2272 4556 sero
2335 4495 2580 4556 tandem

441 4589 643 4652 Arist.
664 4587 807 4652 Lat.
2365 4590 2420 4648 X
