3059 5059
297 398 646 476 626-680]
1255 397 1316 458 Ν
1338 399 1390 459 n
1413 399 1464 460 Β
1487 399 1540 458 E
1562 399 1629 460 s,
2521 409 2603 466 55
2696 369 2705 376 ⁶

293 547 426 587 nam
455 527 830 598 ademimus:
873 535 938 589 et
963 530 1217 592 merito:
1261 531 1348 592 sic
1376 532 1533 594 enim
1565 531 1953 612 magiss'ciet,
1982 531 2119 592 vitae
2162 531 2292 594 dies
2334 533 2603 613 agendos

291 641 420 682 esse
443 623 780 684 secundum
811 623 995 682 Lunoe
1017 643 1280 685 cursum.
1660 671 1679 702 .-

372 715 520 776 Soc.
564 716 683 776 Per
709 715 1178 795 respirationem,
1209 737 1312 797 per
1341 717 1565 790 Chaos,
1604 737 1711 797 per
1754 717 1964 779 A‘eirem
2001 719 2162 798 juro,
2209 731 2279 779 ut
2322 739 2436 798 ego
2482 741 2604 782 non

291 805 409 866 vidi
439 808 737 869 bominem
768 817 888 868 tam
919 810 1202 872 rusticum
1235 810 1442 883 ullum,
1465 829 1579 872 nec
1600 821 1719 870 tam
1759 811 2084 890 stupidum,
2118 831 2233 872 nec
2273 821 2393 872 tam
2438 815 2606 894 inep-

291 909 436 971 tum,
465 919 578 960 nec
601 913 724 962 tam
747 900 1146 971 obliviosum:
1203 903 1304 982 qui
1340 903 1699 964 subtilitates
1741 901 2032 983 quasdam
2084 923 2297 983 parvas
2345 905 2605 979 discens,

289 1011 391 1052 eas
417 993 805 1068 obliviscitur,
834 1005 1154 1076 antequam
1183 997 1358 1076 plene
1388 995 1685 1057 didicerit.
1730 997 1815 1056 At
1840 1007 2038 1056 tamen
2069 1017 2203 1056 eum
2236 997 2394 1058 foras
2434 1018 2607 1060 voca·

293 1085 368 1144 bo
396 1083 516 1146 huc
541 1087 600 1146 in
633 1087 846 1151 lucem.
919 1087 1036 1149 Ubi
1075 1087 1507 1170 Strepsiades?
1552 1089 1649 1150 exi
1698 1099 1895 1149 sumto
1938 1091 2244 1168 grabbatO.
2326 1091 2607 1154 smus.

293 1176 412 1238 Sed
441 1197 578 1240 eum
609 1199 730 1240 non
757 1202 852 1242 me
879 1182 1090 1242 sinunt
1111 1181 1318 1242 efferre
1341 1179 1606 1244 cimices.
1681 1182 1829 1243 Soc·
1872 1181 2131 1260 Propere
2150 1182 2383 1263 depone
2414 1195 2475 1243 et
2496 1183 2607 1244 ad·

293 1283 452 1333 verte
491 1274 774 1336 animum.
860 1276 1140 1336 suns.
1187 1271 1298 1335 En.
1381 1275 1534 1337 Soc.
1591 1274 1743 1354 Age.
1794 1275 1937 1354 quid
1990 1275 2079 1334 vis
2136 1295 2293 1336 nunc
2350 1276 2603 1356 primum

294 1364 548 1438 discere,
569 1368 738 1446 quod
770 1379 948 1430 antea
977 1387 1282 1448 nunquam
1305 1366 1633 1428 didiceris?
1674 1367 1773 1428 dic
1805 1365 1967 1428 mihi.
2042 1367 2249 1428 Utrum
2282 1367 2359 1428 de
2386 1369 2605 1442 metris,

292 1471 400 1517 aut
425 1457 502 1518 de
533 1461 826 1537 versibus,
857 1481 930 1521 an
961 1481 1097 1521 vero
1125 1460 1200 1521 de
1225 1458 1510 1540 rhythmis
1533 1459 1560 1518 ⁴?
1642 1461 1915 1520 Srnsrs.
1955 1461 2047 1520 De
2069 1461 2270 1520 metris
2298 1461 2603 1541 equidem:

293 1553 432 1630 quia
463 1571 654 1633 nuper
681 1574 718 1613 a
744 1554 1050 1616 venditore
1073 1553 1310 1613 ‘farinae
1361 1553 1746 1614 defraudatus
1800 1553 1885 1612 fui
1934 1551 2169 1613 duobus
2218 1554 2603 1616 cboenieibus.

291 1645 438 1705 Soc.
481 1645 618 1706 Non
660 1647 877 1736 hoc-te
919 1666 1104 1726 rogen
1149 1647 1259 1709 sed
1302 1647 1609 1730 quodnam
1662 1645 2115 1724 pulcherrimum
2172 1660 2421 1706 metrum
2471 1665 2605 1708 esse

292 1752 504 1819 putes:
551 1741 952 1804 trimetrumne
977 1761 1050 1800 an
1083 1738 1530 1801 tetrametrum?
1612 1739 1890 1799 Suus.
1932 1738 2225 1818 Equidem
2258 1740 2605 1800 semisexta-

293 1831 380 1892 rio
421 1833 656 1894 nullum
695 1844 981 1915 praestare
1037 1845 1204 1915 puto.
1289 1834 1432 1893 Soc.
1497 1831 1659 1892 Nihil
1718 1831 1871 1892 dicis
1926 1841 1989 1892 tu
2042 1830 2241 1894 homo.
2326 1834 2609 1895 Srnsrs.

294 1925 480 1984 >Certa
507 1945 737 1987 mecum
767 1928 1037 2008 pignore,
1060 1927 1118 1987 ni
1149 1937 1553 1988 tetrametrum
1584 1935 1677 1984 est
1720 1925 2211 1985 semisextarium.
2298 1927 2443 1986 Soc.
2489 1928 2515 1986 1
2544 1929 2605 1986 in
2702 1925 2707 1930 ’

293 2017 512 2078 malam
543 2039 797 2081 crucem.
868 2020 1066 2090 Quam
1113 2020 1370 2080 rusticus
1409 2029 1471 2078 et
1519 2013 1795 2077 indocilis
1822 2023 1923 2077 es!
1964 2017 2085 2080 cito
2114 2031 2175 2077 tu
2204 2018 2283 2078 de
2312 2019 2605 2100 rhythmis

291 2112 520 2192 aliquid
550 2111 812 2174 disceres
843 2112 1094 2175 scilicet.
1157 2114 1436 2174 Srnsrs.
1477 2111 1637 2181 Quid
1662 2120 1861 2171 autem
1884 2111 2023 2171 mihi
2054 2112 2381 2192 proderunt
2400 2112 2607 2194 rhyth-

295 2207 374 2264 mi
405 2205 486 2264 ad
513 2205 781 2266 victum?
863 2208 1011 2267 Soc.
1055 2205 1318 2266 Primum
1363 2204 1605 2285 quidem
1648 2215 1714 2264 ut
1756 2204 1840 2264 sis
1880 2205 2335 2266 commodus.et
2374 2206 2605 2266 facetus

292 2298 354 2357 in
403 2300 724 2367 convictu:
771 2298 990 2360 deinde
1031 2308 1100 2358 ut
1144 2297 1462 2376 intelligas,
1504 2297 1749 2378 quinam
1800 2297 1881 2357 sit
1922 2296 2230 2378 rhythmus
2274 2298 2606 2360 secundum

293 2391 624 2470 enoplium,
645 2403 710 2453 et
733 2394 978 2472 quinam
1011 2391 1342 2452 secundnm
1365 2390 1689 2470 dactylum.
1774 2391 2051 2450 Sruurs.
2094 2391 2435 2452 Secundum
2464 2391 2607 2453 dac·

294 2483 528 2562 tylum?
569 2497 634 2544 at
659 2485 874 2565 edepol
907 2487 1064 2545 novi.
1148 2485 1296 2544 Soc.
1340 2483 1456 2544 Dic
1501 2501 1669 2564 ergo.
1754 2484 2035 2544 Srrtzrs.
2076 2484 2229 2554 Quis
2272 2483 2449 2554 alius,
2490 2485 2607 2544 nisi
2710 2491 2721 2496 “

293 2575 578 2657 dactylus
633 2577 776 2638 hic?
833 2577 1088 2638 antehac
1128 2597 1290 2652 vero,
1331 2595 1514 2657 quum
1559 2595 1705 2656 puer
1744 2589 1960 2646 essem,
2004 2578 2138 2638 iste.
2224 2577 2371 2638 Soc.
2417 2576 2609 2638 Rudis

295 2683 452 2730 eset
479 2669 754 2734 stolidus.
837 2671 1117 2733 Srnars.
1163 2670 1370 2750 Atqui,
1399 2690 1436 2730 o
1465 2670 1661 2740 miser,
1698 2669 1907 2730 horum
1957 2669 2099 2729 nibil
2136 2669 2364 2730 discere
2412 2670 2611 2750 cupio.

295 2763 446 2825 Soc.
503 2761 667 2832 Quid
716 2763 904 2826 vero?
983 2764 1262 2824 Sritm’s.
1310 2761 1488 2836 Illud,
1538 2761 1708 2836 illud,
1754 2763 2016 2844 inquam,
2060 2781 2393 2823 sermonem
2440 2763 2610 2824 illum

295 2855 772 2935 injustissimum.
857 2857 1006 2917 800.
1047 2855 1170 2918 Sed
1221 2856 1341 2916 alia
1388 2865 1551 2928 sunt,
1595 2874 1732 2935 quoe
1776 2867 1839 2916 te
1886 2857 2052 2938 prius
2092 2852 2323 2916 discere
2364 2873 2611 2916 necesse

297 2961 430 3016 est:
475 2947 932 3030 quadrupedum
961 2969 1241 3030 quasnam
1269 2949 1389 3009 siut
1416 2967 1553 3009 vere
1588 2946 1936 3010 masculina.
1987 2947 2297 3023 *Smin-s.
2342 2949 2425 3008 At
2470 2949 2609 3008 novi

295 3043 600 3121 equidem,
628 3043 742 3104 nisi
783 3044 1038 3115 insanio,
1066 3042 1212 3124 quid
1251 3041 1647 3102 masculinum
1692 3040 1809 3102 sit:
1852 3059 2065 3120 nempe
2114 3039 2374 3112 ΚΡΙΟΣ,
2414 3041 2615 3102 ΤΡΑ·

297 3133 352 3194 Γ
351 3134 478 3210 ΟΣ,
517 3135 867 3208 ΤΑΥῬΟΣ,
911 3136 1152 3209 ΚΥΩΝ,
1175 3133 1703 3196 ΑΛΕΚΤΡΎῺΝ.
1784 3133 1933 3197 800.
1964 3132 2180 3193 Viden’
2206 3133 2349 3213 quid
2384 3133 2614 3194 facias?

295 3239 361 3288 et
385 3227 686 3290 femellam
708 3250 890 3292 vocas
907 3228 1512 3302 ΑΛΕΚΤΡΥΟΝΑ,
1532 3224 1733 3288 itidem
1752 3227 1837 3286 uti
1856 3239 1917 3287 et
1938 3226 2288 3286 masculum.
2330 3227 2609 3286 Srum’s.
2712 3249 2717 3252 ·

299 3323 432 3400 Age
460 3340 623 3393 vero,
666 3322 1012 3401 quomodo?
1095 3321 1244 3384 Soc.
1290 3319 1657 3390 Quomodo?
1696 3317 2201 3381 ΑΛΕΚΤΡΥΩΝ
2241 3330 2304 3380 et
2344 3319 2611 3380 AAEK-

295 3413 457 3474 ΤΡΥ
451 3413 590 3473 ΩΝ.
675 3415 952 3477 Srurs.
993 3416 1214 3476 Verum
1255 3425 1352 3477 est
1390 3413 1554 3496 quod
1596 3413 1769 3483 dicis.
1810 3414 1895 3474 itu
1934 3431 2028 3474 me
2072 3411 2389 3494 Neptunus
2430 3426 2609 3475 amet.

297 3505 420 3564 Sed
437 3506 568 3581 jam
600 3500 900 3586 quomodo
931 3508 1219 3570 femellam
1252 3506 1639 3586 nuncupem?
1722 3508 1863 3567 Soc.
1908 3505 2610 3568 AAEKTPYAINAN:

295 3597 553 3658 alterum
611 3609 810 3661 autem
865 3599 1346 3662 AAEKTOPA.
1451 3602 1727 3661 Srnssrs.
1783 3599 2460 3660 ΑΛΕΚΤΡΥΑΙΝΑΝ
2517 3598 2609 3657 in·

291 3693 434 3772 quis
455 3691 484 3749 2
527 3692 715 3766 Belle,
745 3713 849 3775 per
877 3695 1088 3754 Aerem
1108 3695 1283 3775 juro:
1327 3694 1479 3754 adeo
1509 3705 1577 3754 ut
1602 3713 1709 3774 pro
1738 3693 1853 3752 ista
1880 3691 2013 3753 sola
2043 3691 2317 3753 doctriua
2356 3693 2612 3771 opplebo

295 3786 491 3845 farina
517 3785 782 3867 undique
813 3799 972 3848 tuam
1020 3787 1504 3850 ΚΑΡΔΟΠΟΝ.
1590 3786 1739 3848 800.
1784 3785 1941 3846 Ecce
1978 3795 2175 3845 autem
2216 3803 2419 3845 rursus
2463 3783 2613 3846 alte-

295 3897 428 3937 rum
451 3877 570 3938 boc
597 3891 931 3958 peecatum.
974 3880 1436 3947 ΚΑΡΔΟΠΟΝ
1480 3897 1699 3940 marem
1730 3898 1932 3951 vocas,
1968 3899 2106 3958 quoe
2150 3889 2347 3938 tamen
2388 3879 2614 3940 femina

297 3981 416 4033 est.
517 3971 798 4032 S‘ram’s.
847 3973 1172 4041 Quomodo
1225 3992 1340 4053 ego
1398 3989 1617 4033 marem
1670 3971 2130 4034 ΚΑΡΔΟΠΟΝ
2175 3969 2370 4032 voco?
2466 3971 2613 4032 Soc:

301 4063 568 4124 Maxime
597 4063 1052 4144 quidem,sicuti
1085 4068 1200 4128 ΚΛ
1213 4065 1629 4127 ΕΩΝΥΜΟΝ.
1717 4067 1993 4126 Srnssrs.
2039 4065 2175 4133 Qua
2204 4063 2465 4146 ratione?
2492 4063 2612 4124 dic.

301 4155 450 4217 Soc.
495 4155 669 4240 Idem
689 4159 852 4220 valet
878 4160 984 4222 tibi
1010 4155 1456 4222 ΚΑΡΔΟΠΟΣ
1476 4170 1537 4220 et
1558 4157 2093 4220 ΚΛΕΩΝΥΜΟΣ.
2164 4157 2437 4216 S‘rnsrs.
2468 4155 2613 4231 Sed,

301 4266 342 4308 0
359 4249 540 4322 bone,
567 4269 649 4310 ue
674 4251 916 4330 quidem
947 4264 1076 4316 erat
1099 4254 1432 4334 Cleonymo
1461 4262 1707 4326 mactra,
1736 4271 1939 4312 verum
1966 4251 2025 4310 in
2056 4251 2309 4311 rotundo
2334 4250 2613 4310 mortario

301 4339 554 4402 farinam
601 4344 938 4422 subigebat.
998 4349 1079 4407 At
1131 4347 1415 4428 deinceps
1465 4345 1765 4426 quomodo
1816 4343 2113 4426 appellare
2165 4343 2380 4405 decet?
2462 4343 2607 4405 Soc-

301 4434 668 4503 Quomodo?
715 4438 1190 4512 ΚΑΡΔΟΠΗΝ,
1217 4439 1418 4501 itidem
1448 4451 1514 4500 ut
1556 4438 1707 4500 dicis
1746 4435 2246 4499 ΣΩΣΤΡΑΤΗΝ.
2330 4439 2607 4496 Sriuzm.

301 4525 775 4594 KAPAOHHN
815 4529 1092 4620 semiuam
1135 4533 1352 4594 rectius
1394 4552 1611 4617 meas:
1656 4533 1811 4594 istuc
1868 4541 2064 4592 autem
2121 4530 2299 4614 longe
2350 4527 2607 4589 rectissi-
