3059 5059
974 595 2292 761 Eccmsmzusffi.

1349 916 1383 923 ..-
1403 916 1796 925 ...ψ

1089 1094 1284 1163 DRA
1295 1094 1592 1163 MATls
1665 1090 2170 1161 PERSONAE.

470 1241 929 1305 PnAxaoonA.
1781 1246 1918 1305 Vm
1949 1244 2029 1306 11.
2071 1238 2620 1321 nou-depositum.

470 1335 831 1401 Mummius
874 1342 1209 1411 Quanam.
1781 1340 2070 1399 Verona
2113 1337 2230 1398 111.

468 1430 749 1490 Cnonus
794 1434 1208 1495 Mummium.
1777 1431 2074 1492 Pulsum.
2117 1450 2128 1461 ·

470 1522 832 1587 Bnm’vnus
857 1530 1112 1589 maritus
1136 1529 1532 1609 Praxagorae.
1777 1526 2229 1585 Anomscnss.

466 1616 605 1678 Vm
647 1619 958 1688 Qumnr.
1781 1618 2113 1678 Auerna·

470 1710 825 1776 Cunnum.
1781 1710 2044 1771 Hnnus.

472 1803 607 1865 Vm
651 1807 700 1868 1.
744 1809 897 1869 bona
916 1810 983 1869 in
1012 1807 1263 1871 medium
1288 1806 1688 1887 depositum.

1470 1967 1734 2048 [1—39]

471 2079 557 2167 P
561 2125 726 2168 lux.
755 2104 813 2165 Ο
846 2122 1157 2168 tuomum
1178 2103 1359 2185 jubar
1385 2103 1588 2185 lychni
1617 2104 1838 2179 fictilis,
1862 2102 2204 2182 conspicuis
2233 2103 2292 2162 in
2321 2102 2472 2163 locis
2491 2118 2778 2183 perquem

468 2198 781 2261 'commode
809 2209 1187 2280 suspensum,
1217 2205 1499 2278 (namque
1547 2209 1708 2258 tuam
1753 2197 2038 2277 originem
2085 2196 2473 2276 fortunasque
2515 2214 2782 2275 expone·

466 2312 623 2367 mus,
657 2311 696 2352 o
723 2292 977 2373 lychno:
1023 2310 1235 2371 nempe
1266 2302 1398 2351 rota
1426 2292 1646 2352 ductus
1667 2290 1926 2372 impulsu
1955 2290 2143 2369 figuli,
2171 2290 2418 2369 singulis
2451 2289 2508 2348 in
2539 2288 2782 2349 naribus

468 2385 818 2467 splendidos
868 2382 1024 2445 Solis
1084 2384 1341 2446 bonores
1400 2384 1638 2459 habes.)
1681 2384 1762 2445 da
1822 2394 1988 2444 motu
2039 2394 2142 2444 tuo
2189 2370 2471 2444 condicta
2524 2382 2782 2443 flammo

466 2478 663 2561 signa.
744 2476 875 2538 Tibi
906 2478 1127 2559 quippe
1158 2478 1257 2537 uni
1288 2479 1585 2558 aperimus
1607 2477 1860 2539 consilia
1886 2484 2128 2545 nostra:
2161 2486 2338 2556 atque
2369 2476 2522 2537 adeo
2550 2476 2780 2551 merito,

466 2570 755 2654 siquidem
787 2572 849 2630 in
870 2570 1161 2633 cubiculis
1186 2572 1405 2632 nostris
1434 2571 1579 2631 dum
1613 2571 1804 2633 varias
1833 2571 1914 2632 rei
1936 2571 2226 2631 Venerem
2251 2570 2522 2631 schemas
2545 2571 2780 2653 experi-

466 2675 621 2739 mur,
646 2676 712 2725 tu
744 2664 916 2725 nobis
947 2663 1114 2738 ades,
1138 2683 1331 2744 neque
1359 2664 1676 2746 quisquam
1705 2685 1779 2725 ex
1809 2663 2042 2724 aedibus
2069 2663 2256 2743 abigit
2299 2664 2540 2724 oculum
2585 2674 2782 2734 tuum,

466 2758 844 2819 crissantium
862 2776 1173 2840 corporum
1200 2757 1618 2839 inspectorem.
1705 2757 1882 2819 Solus
1912 2766 2133 2830 autem,
2161 2776 2198 2817 o
2227 2756 2464 2837 lychne,
2503 2756 2564 2816 in
2609 2774 2780 2817 arca·

466 2854 579 2912 'nos
604 2871 797 2931 usque
828 2852 1108 2911 feminum
1132 2870 1403 2913 recessus
1426 2851 1616 2925 luceS,
1647 2852 1998 2912 deustulans
2029 2849 2392 2931 pullulantes
2415 2850 2611 2930 pilos:
2647 2862 2778 2911 tum

466 2945 645 3005 etiam
674 2944 851 3005 nobis
872 2944 1061 3005 cellas
1086 2943 1352 3025 frugibus
1370 2956 1431 3005 et
1460 2945 1641 3025 Lyoeo
1668 2944 1842 3005 latice
1859 2944 2102 3005 refertas
2133 2943 2330 3004 furtim
2377 2944 2779 3005 reserantibus

466 3037 631 3098 ades.
718 3038 897 3100 Acin
928 3038 1093 3100 hisce
1134 3040 1405 3099 omnibus
1446 3038 1683 3120 adjutor
1728 3058 1910 3118 quum
1962 3037 2068 3110 sis,
2113 3036 2260 3097 nibil
2311 3047 2510 3099 tamen
2570 3037 2780 3099 vicinis

466 3130 764 3191 enuntias.
810 3130 1210 3200 Quamobrem
1249 3132 1534 3193 conscius
1572 3132 1686 3192 eris
1728 3131 2114 3212 praesentium
2157 3130 2564 3207 consiliorum,
2609 3152 2780 3211 quae·

466 3230 705 3303 ‘cunque
734 3223 914 3285 Scitis
942 3224 1335 3285 decreverunt
1366 3225 1644 3285 mulieres
1693 3226 1900 3286 amicte
1935 3244 2108 3285 meae.
2193 3224 2315 3285 Sed
2362 3224 2528 3284 nulla
2575 3238 2780 3285 earum

468 3316 661 3389 adest,
690 3336 840 3396 quas
868 3318 1104 3378 venisse
1134 3318 1433 3397 oportuit:
1484 3326 1548 3377 et
1575 3329 1768 3379 tamen
1789 3317 2038 3398 jamjam
2081 3318 2348 3379 lucescet
2391 3318 2549 3379 boc:
2605 3328 2778 3377 actu·

466 3420 591 3469 tum
618 3409 931 3470 habebitur
957 3410 1194 3485 conci0,
1220 3420 1281 3470 et
1303 3411 1476 3471 sedes
1508 3411 1681 3471 nobis
1701 3410 2012 3491 capiendoe
2041 3420 2204 3485 sunt,
2233 3422 2303 3474 ut
2327 3412 2466 3473 olim
2511 3411 2778 3492 Spbyro·

466 3502 716 3563 machus
740 3502 909 3577 dixit,
938 3502 991 3563 si
1020 3502 1165 3565 satis
1186 3503 1572 3565 meministis:
1634 3506 1890 3585 Oportet
1913 3506 2184 3565 mulieres
2207 3506 2373 3566 inter
2399 3508 2557 3567 viros
2577 3506 2783 3569 seden-

468 3602 558 3657 ter
576 3594 779 3657 latere.
860 3595 1158 3665 Quidnam
1184 3609 1381 3658 autem
1412 3598 1492 3659 sit
1513 3597 1542 3656 ’ἒ
1571 3616 1647 3658 an
1677 3594 1940 3659 nondum
1970 3610 2336 3660 consuerunt
2361 3600 2599 3672 barbas,
2626 3617 2778 3679 quas

466 3700 534 3749 ut
560 3688 849 3751 haberent
872 3691 1257 3752 constitutum
1286 3691 1524 3752 suerat?
1567 3707 1643 3751 an
1675 3710 1814 3753 vero
1833 3701 2032 3753 vestes
2052 3692 2304 3753 virorum
2335 3691 2670 3753 subducem
2689 3692 2777 3753 eis

467 3781 709 3843 difficile
758 3782 979 3844 suerit?
1058 3783 1203 3845 Atat
1242 3784 1660 3845 advenientem
1707 3784 2010 3845 lucernam
2049 3786 2366 3865 prospicio.
2446 3785 2598 3867 Age,
2637 3786 2780 3847 mibi

467 3886 625 3937 retro
652 3874 771 3938 huc
805 3876 1254 3938 concedendum
1281 3887 1395 3951 est,
1424 3898 1499 3938 ne
1524 3878 1674 3939 forte
1702 3879 1804 3957 qui
1825 3878 2066 3939 horsum
2089 3878 2272 3951 venit,
2296 3878 2387 3939 vir
2409 3878 2623 3959 aliquis
2645 3880 2778 3941 siet.

467 3969 653 4032 Mur..
698 3971 745 4030 I.
789 3971 965 4031 Nunc
988 3970 1170 4031 eundi
1212 3982 1447 4051 tempus
1490 3981 1623 4032 est:
1677 3991 1878 4052 praeco
1928 3972 2085 4033 enim
2124 3972 2304 4033 modo
2345 3969 2776 4053 prodeuntibus

464 4064 638 4124 nobis
681 4063 859 4124 domo
910 4062 1097 4124 altera
1148 4064 1276 4125 vice
1332 4064 1618 4125 cantavit.
1725 4064 1948 4125 PnAx.
2013 4066 2096 4124 At
2139 4084 2255 4145 ego
2309 4084 2414 4125 vos
2465 4066 2778 4145 opperiens

464 4166 702 4217 noctem
753 4166 1054 4236 perpetem
1100 4156 1362 4236 vigilavi.
1459 4156 1680 4245 Yerum
1728 4175 1866 4237 age,
1920 4157 2076 4219 hanc
2117 4158 2371 4219 vicinam
2421 4178 2456 4218 e
2504 4158 2774 4239 proximo

462 4267 728 4322 evocem,
750 4248 959 4309 leniter
988 4250 1265 4329 scalpens
1278 4250 1547 4330 januam.
1630 4250 1826 4311 Cauto
1853 4252 2009 4312 enim
2039 4272 2190 4332 opus
2218 4263 2334 4325 est,
2379 4270 2456 4312 ne
2503 4251 2650 4332 quid
2685 4252 2774 4314 vir

462 4344 591 4423 ejus
618 4342 1033 4423 persentiscat.
1115 4343 1301 4406 Mur..
1344 4344 1425 4403 11.
1466 4344 1684 4405 Audivi
1712 4363 1882 4421 sane,
1908 4342 2050 4404 dum
2081 4344 2223 4404 mihi
2253 4344 2475 4406 induco
2513 4344 2775 4421 calceos,

462 4434 851 4518 sculptionem
878 4434 1199 4517 digitorum
1228 4446 1483 4511 tuorum,
1510 4436 1732 4520 quippe
1781 4458 1918 4521 quae
1967 4456 2088 4497 non
2138 4437 2540 4510 dormiebam:
2593 4439 2780 4519 siqui·

460 4527 599 4589 dem
626 4528 734 4606 vir,
762 4550 799 4591 o
824 4548 959 4591 mea
985 4541 1051 4591 tu
1078 4528 1463 4601 (Salaminius
1493 4540 1691 4593 autem
1721 4543 1814 4595 est
1841 4532 2078 4615 quicum
2105 4539 2296 4613 nupta
2317 4551 2452 4595 sum
2480 4536 2622 4615 ego)
2653 4542 2778 4597 tota
