3059 5059
411 305 484 379 ιε
1149 300 1954 369 ARISTQPHANIS
2282 302 2733 382 μορε-1093

407 430 705 491 deflendo.
787 429 934 503 Sed,
981 432 1034 491 si
1057 431 1164 492 tibi
1189 450 1350 493 cure
1381 442 1475 493 est
1505 432 1795 507 Dercetes
1820 431 2171 515 Phylasius,
2202 430 2363 493 Pace
2392 450 2555 511 unge
2584 430 2737 493 mihi

407 523 616 584 oculos
641 522 834 584 ocius.
925 524 1079 585 Dic.
1125 526 1226 600 At,
1255 538 1294 585 e
1313 526 1517 601 miser,
1541 526 1899 587 medicinam
1928 526 2167 607 publice
2194 544 2317 585 non
2338 524 2517 587 facio.
2603 526 2735 586 Ao.

408 616 540 694 Age
587 636 725 677 vero
763 618 1034 691 obsecro,
1083 638 1266 698 unge,
1319 619 1370 678 si
1432 620 1585 679 forte
1628 621 1812 682 boves
1870 638 2038 680 meos
2080 637 2433 698 recuperare
2476 621 2736 699 possim.

410 708 564 771 Dic.
611 710 788 769 Haud
817 710 976 791 potis
1003 720 1135 772 est:
1180 710 1288 771 sed
1331 713 1430 772 abi
1479 712 1775 792 ploratum
1802 712 1882 773 ad
1910 712 2117 774 Pittali
2157 710 2516 793 discipulos.
2601 714 2732 773 Aa.

409 801 634 863 Saltem
666 822 844 863 unam
893 814 1128 883 guttam
1173 804 1354 865 Pacis
1403 806 1464 865 in
1514 805 1695 865 istum
1738 804 2035 866 calamum
2088 804 2336 866 instilla.
2424 806 2584 867 Drc.
2630 806 2731 868 Ne

409 894 706 957 tantillum
735 892 1012 975 quidem:
1061 896 1173 957 sed
1199 916 1322 977 quo
1351 898 1441 959 vis
1469 899 1568 958 abi
1597 908 1661 958 et
1684 898 1868 977 ejula.
1950 897 2075 959 Ae.
2120 897 2257 957 Heu
2298 918 2395 959 me
2424 898 2733 959 infelicem

409 986 762 1049 amissorum
817 989 1038 1049 boum!
1120 990 1338 1051 Onon..
1384 991 1587 1051 Homo
1634 990 1749 1051 iste
1800 1009 1907 1071 per
1962 1009 2105 1050 suas
2160 989 2440 1051 inducias
2496 989 2733 1070 aliquid

409 1090 624 1140 nactus
653 1091 748 1141 est
773 1078 1160 1143 dulcedinis:
1204 1101 1316 1145 nec
1365 1082 1603 1144 videtur
1628 1101 1991 1163 quemquam
2038 1082 2385 1162 participem
2432 1083 2733 1145 facturus.

409 1170 564 1233 Dic.
603 1171 906 1233 Perfunde
949 1174 1062 1234 has
1086 1175 1278 1237 lactes
1303 1175 1511 1237 melle:
1556 1194 1695 1237 assa
1721 1176 1943 1257 sepias.
2026 1175 2247 1237 Cnon.
2290 1175 2513 1247 Audjn’
2542 1175 2733 1237 altam

410 1266 540 1346 ejus
571 1264 828 1326 vocem?
913 1265 1066 1327 Dm.
1107 1268 1350 1331 Torrete
1378 1268 1701 1349 anguillas.
1760 1268 1980 1329 Cnoa.
2026 1267 2323 1329 Enecabis
2349 1288 2446 1329 me
2466 1268 2736 1329 vicinos·

409 1377 530 1437 que
573 1360 729 1419 fame
755 1368 821 1418 et
845 1358 1056 1421 nidore
1099 1370 1164 1421 et
1191 1361 1473 1436 clamore,
1501 1361 1648 1422 talia
1671 1358 2033 1422 vociferans.
2119 1359 2273 1421 D1c.
2313 1360 2561 1421 Torrete
2588 1360 2733 1433 ista,

412 1462 474 1511 et
521 1451 764 1511 facitote
808 1462 878 1511 ut
927 1452 1174 1533 pulchre
1223 1454 1579 1515 flavescant.
1664 1453 1833 1513 Pan.
1899 1452 2285 1532 Dicreopolis.
2372 1452 2525 1513 Dic.
2576 1450 2735 1521 Quis

411 1543 572 1604 iste?
610 1544 746 1623 quis
773 1543 933 1604 iste?
1015 1544 1183 1607 Pan.
1230 1546 1400 1607 Misit
1426 1547 1535 1606 tibi
1560 1563 1775 1605 earnes
1820 1546 1931 1605 has
1960 1564 2221 1625 sponsus
2242 1545 2381 1623 quis
2424 1566 2459 1605 e
2487 1546 2735 1627 nuptia-

410 1636 569 1697 libus
595 1636 812 1716 epulis.
897 1635 1050 1721 Dxc.
1094 1635 1364 1718 Benigne
1405 1639 1567 1711 fecit,
1600 1637 1873 1718 quisquis
1901 1646 2016 1699 est.
2102 1638 2273 1699 Pan..
2318 1637 2475 1697 Orat
2500 1649 2733 1711 autem,

411 1739 502 1802 ut,
527 1730 790 1789 carnium
833 1729 1078 1791 istarum
1130 1730 1345 1809 gratia,
1391 1730 1675 1792 infundas
1714 1730 1776 1789 in
1824 1730 1989 1789 hunc
2036 1729 2401 1790 alabastrum
2443 1728 2735 1811 cyathum

413 1821 590 1881 Pacis
613 1822 883 1895 unicum,
929 1839 1007 1881 ne
1034 1822 1352 1883 militatum
1379 1824 1541 1884 abire
1584 1832 1857 1903 cogatur,
1886 1821 1997 1883 sed
2044 1821 2207 1882 domi
2252 1840 2504 1883 manens
2531 1842 2737 1901 usque

411 1913 609 1974 fiituat
629 1913 901 1976 assiduo.
985 1912 1138 1974 Dx'c.
1176 1914 1382 1989 Aufer,
1409 1915 1577 1977 aufer
1614 1916 1763 1976 istas
1794 1933 2029 1987 carnes,
2056 1924 2119 1975 et
2146 1934 2225 1974 ne
2267 1913 2413 1975 mihi
2442 1913 2689 1975 dederis
2708 1932 2733 1984 ε

355 1988 370 2013 ’
413 2024 552 2067 nam
595 2026 714 2067 non
763 2006 1160 2079 infunderem,
1189 2008 1304 2068 etsi
1329 2008 1490 2069 mille
1540 2007 1859 2069 dmchmas
1909 2006 2105 2067 dares.
2190 2007 2313 2067 Sed
2362 2006 2573 2069 mulier
2610 2008 2741 2069 ista

413 2118 692 2178 quaenam
737 2111 832 2161 est
851 2101 881 2159 ‘l
962 2099 1131 2169 Pan.
1177 2099 1460 2161 Pronuba
1487 2108 1603 2173 est,
1646 2101 1777 2160 vuit
1799 2118 2049 2180 sponsoe
2098 2098 2337 2161 nomine
2364 2100 2592 2179 aliquid
2621 2101 2741 2162 tibi

415 2191 613 2251 dicere
657 2189 792 2252 soli.
878 2192 1030 2253 Dic.
1070 2193 1346 2273 Agedum
1386 2204 1476 2269 tu,
1513 2193 1660 2272 quid
1688 2192 1841 2253 dicis
1856 2192 2164 2261 l-Quam
2192 2190 2465 2267 ridicula,
2492 2211 2603 2272 pro
2644 2192 2740 2253 dii

413 2283 800 2358 immortales,
823 2294 920 2345 est
944 2286 1152 2367 petitio
1181 2306 1446 2368 sponsoe,
1473 2285 1649 2347 enixe
1669 2286 1995 2367 flagitantis
2024 2305 2063 2345 a
2080 2305 2201 2359 me,
2222 2291 2289 2345 ut
2316 2286 2527 2367 sponsi
2552 2287 2739 2367 penis

415 2375 580 2435 domi
600 2396 842 2438 manere
869 2390 1074 2457 queat.
1163 2381 1278 2441 Fer
1304 2379 1424 2443 huo
1449 2379 1595 2441 mihi
1622 2377 1895 2439 inducias
1938 2390 2007 2439 ut
2032 2377 2171 2439 dem
2190 2378 2247 2439 ei
2276 2378 2415 2451 soli,
2444 2380 2741 2458 quoniam

413 2470 634 2530 femina
659 2478 774 2543 est,
807 2464 884 2531 'et
929 2470 1202 2552 indigna,
1245 2491 1386 2553 quae
1432 2470 1580 2533 belli
1608 2471 1920 2533 adficiatur
1946 2470 2361 2533 incommodis.
2444 2470 2585 2531 Huc
2615 2489 2743 2551 age

415 2560 645 2635 mulier,
671 2562 996 2642 ampullam
1043 2566 1595 2645 porrige.—-Seisne
1622 2563 1925 2645 quomodo
1971 2562 2262 2625 utendum
2292 2564 2373 2625 sit
2401 2562 2568 2637 isto?
2612 2564 2743 2625 Dic

416 2674 679 2735 sponse,
703 2657 948 2737 quando
974 2658 1227 2719 militum
1251 2659 1356 2719 fiet
1377 2658 1673 2729 delectus,
1696 2668 1879 2718 noctu
1907 2655 2025 2716 hoc
2045 2656 2303 2736 inungat
2320 2655 2533 2739 sponsi
2562 2675 2743 2717 men-

413 2748 892 2811 talam—Aufer
903 2748 1176 2812 inducias
1199 2772 1216 2813 z
1244 2750 1398 2813 cedo
1423 2751 1689 2823 trullam,
1714 2760 1785 2811 nt
1806 2751 2004 2811 vinum
2032 2748 2346 2809 infundam
2366 2750 2425 2809 in
2453 2750 2741 2831 congios.

415 2842 635 2903 Cnoa.
683 2840 806 2902 Sed
855 2862 1064 2903 eccum
1114 2844 1234 2904 huc
1281 2844 1526 2908 festinat
1575 2842 1793 2922 aliquis
1819 2852 2129 2902 contracto
2172 2842 2515 2923 supercilio,
2558 2843 2745 2923 quasi

412 2934 774 2996 horrendum
808 2934 1098 3014 quiddam
1149 2938 1551 2999 nuntiaturus.
1640 2932 1863 2996 Nun-r.
1910 2934 1957 2995 1.
2006 2936 2063 2994 Ο
2100 2934 2359 3008 labores,
2390 2945 2455 2996 et
2500 2936 2743 3016 praelia,

411 3037 476 3087 et
500 3025 816 3089 Lamachi!
859 3028 1030 3089 Lau.
1058 3028 1210 3098 Quis
1237 3030 1460 3091 circum
1489 3027 1657 3089 oedes
1684 3026 1855 3087 mreis
1884 3026 2145 3107 phaleris
2176 3028 2447 3107 insignes
2476 3029 2743 3109 strepit?

415 3118 641 3180 Νυιιτ.
685 3119 734 3179 1.
776 3118 1083 3181 Proficisci
1121 3130 1182 3181 te
1211 3121 1428 3200 jubent
1447 3120 1747 3181 Proetores
1772 3118 1953 3181 hodie
1973 3122 2185 3180 sumtis
2212 3120 2485 3182 celeriter
2514 3120 2743 3183 cohor-

413 3210 576 3273 tibus
599 3219 665 3272 et
689 3210 908 3282 cristis,
935 3221 1000 3271 et
1039 3211 1239 3273 aditus
1275 3213 1535 3293 regionis
1564 3210 1888 3286 custodire,
1928 3212 2075 3273 licet
2098 3212 2333 3293 ningat.
2418 3214 2577 3273 Nam
2608 3215 2739 3275 sub

411 3303 610 3383 ipsum
657 3301 893 3363 Choum
937 3302 1409 3384 Chytrorumque
1436 3306 1655 3367 festum
1684 3304 1981 3366 nuntiavit
2006 3306 2125 3366 illis
2162 3305 2380 3384 aliquis
2408 3304 2743 3385 proedones

417 3395 680 3457 Boeotios
729 3394 1124 3457 incursionem
1154 3397 1371 3458 fecisse
1424 3398 1486 3457 in
1535 3416 1736 3477 agros.
1824 3399 1995 3459 Lau.
2039 3398 2093 3457 Ο
2142 3398 2445 3459 Praetores
2493 3408 2741 3477 quanto

413 3488 615 3569 plures
645 3497 813 3548 tanto
856 3488 1124 3569 pejores!
1209 3489 1358 3550 Dic.
1408 3490 1627 3550 Nonne
1650 3490 1903 3551 molesta
1950 3490 2085 3551 haec
2114 3510 2205 3551 res
2254 3502 2370 3563 est,
2396 3508 2587 3569 quum
2616 3508 2745 3553 nec

415 3581 633 3642 festum
659 3580 960 3641 celebrare
987 3580 1131 3641 mihi
1160 3580 1342 3642 licet?
1385 3598 1421 3641 o
1451 3580 1775 3646 exercitum
1828 3582 2469 3644 bellolamaehaicuml
2558 3584 2740 3645 Lan.

416 3674 528 3733 Vre
557 3672 771 3734 misero
799 3672 976 3733 mihi!
1019 3683 1162 3734 tune
1208 3672 1450 3734 derides
1484 3692 1579 3734 me
1598 3672 1779 3753 jam?
1859 3673 2009 3735 Dic.
2052 3674 2241 3735 Visne
2267 3694 2541 3757 pugnare
2590 3696 2742 3737 cum

419 3764 698 3845 Geryone
729 3774 984 3844 quatuor
1001 3767 1216 3845 pennis
1244 3765 1532 3826 cristato?
1618 3766 1787 3825 Lau.
1818 3764 1914 3825 Ah
1944 3767 2060 3825 ah!
2088 3766 2327 3846 qualem
2354 3766 2497 3827 mihi
2528 3786 2745 3847 praeco

417 3856 688 3917 nuntium
739 3856 993 3917 adtulit!
1078 3858 1228 3919 Dic.
1273 3857 1365 3916 Ah
1397 3856 1516 3917 ahl
1560 3855 1701 3916 mihi
1746 3876 1889 3918 vero
1913 3858 2153 3937 qualem
2202 3858 2553 3938 adportabit
2594 3862 2745 3937 istc,

417 3950 520 4029 qui
545 3949 668 4010 huc
689 3948 995 4011 adcurrit?
1058 3950 1282 4011 Νυιιτ.
1312 3950 1392 4009 II.
1425 3949 1814 4030 Dicaeopolis.
1886 3950 2039 4010 Dic.
2082 3948 2245 4017 Quid
2288 3951 2429 4011 est?
2502 3953 2745 4015 Nus-r.

417 4042 499 4101 11.
543 4040 637 4101 Ad
665 4060 898 4102 coenam
943 4061 1190 4123 propere
1217 4044 1336 4112 abi,
1367 4052 1430 4102 et
1469 4042 1558 4101 fer
1604 4053 1799 4102 tecum
1830 4043 2041 4103 cistam
2070 4062 2207 4103 cum
2256 4046 2515 4124 congio;
2558 4062 2747 4107 nam·

390 4154 536 4213 ,que
571 4144 632 4193 te
671 4134 924 4196 arcessit
952 4133 1176 4195 Bacchi
1201 4134 1537 4194 Sacerdos:
1582 4132 1689 4195 sed
1718 4135 1977 4194 festinat
2020 4136 2303 4197 convivas
2332 4136 2588 4197 moraris
2618 4136 2751 4199 dn-

417 4226 583 4285 dum.
666 4227 884 4288 Cetera
905 4226 1064 4287 enim
1087 4227 1284 4288 omnia
1310 4236 1522 4307 parata
1562 4234 1723 4298 sunt,
1752 4227 1885 4300 tori,
1914 4246 2161 4299 mertem,
2186 4228 2543 4309 pulvinaria,
2578 4239 2749 4291 stra-

417 4318 584 4397 gula,
610 4336 871 4391 coronae,
900 4328 1294 4398 unguentum,
1321 4317 1604 4386 bellaria:
1650 4329 1847 4379 scorta
1886 4319 2132 4394 adsunt,
2176 4320 2377 4403 amyli,
2407 4320 2749 4399 placentae,

411 4408 536 4469 liba
583 4428 818 4471 sesamo
865 4430 1098 4492 sparsa,
1144 4419 1366 4484 crusta,
1418 4409 1753 4471 saltatrices
1802 4412 2087 4491 pulchrae,
2130 4412 2425 4473 Harmodi
2474 4412 2753 4479 deliciae.
