3059 5059
331 352 733 443 sos-1031]
1400 354 1708 419 ΜΝΞ..
1821 372 1828 384 ·
2509 368 2630 431 225

322 497 386 548 et
404 486 807 549 'Theramenes
834 484 933 547 ille
971 486 1180 549 scitus.
1262 484 1518 548 Bacca.
1561 487 2000 553 Theramenes?
2057 495 2144 554 vir
2184 514 2330 559 sane
2375 497 2628 564 callidus

320 592 382 642 et
410 582 566 641 acris
596 580 671 641 ad
702 580 923 651 omnia,
948 580 1049 659 qui
1074 579 1124 639 si
1154 580 1215 639 in
1244 581 1461 641 malum
1490 580 1736 663 aliquod
1781 582 2030 658 incidat,
2075 598 2137 649 et
2177 608 2364 670 prope
2411 590 2628 670 adstet,

318 672 475 734 elabi
505 675 682 746 solet,
710 693 829 735 non
860 672 1098 745 Chium,
1126 671 1237 735 sed
1265 673 1440 733 Cium
1483 694 1548 735 se
1595 676 1920 755 professus.
2005 680 2174 743 Eua.
2215 682 2420 745 Talem
2461 686 2627 766 equi-

320 766 457 827 dem
512 768 883 849 prudentiam
938 766 1065 827 istis
1106 766 1313 827 induxi
1358 765 1718 841 hominibus,
1777 772 2222 835 ratiocinatione
2267 776 2460 837 indita
2513 780 2628 840 arti

316 862 585 940 tragice,
622 872 687 921 et
711 859 1205 931 consideratione,
1232 870 1301 919 ut
1316 859 1443 939 jam
1472 860 1806 941 intelligant
1857 865 2076 938 omnia,
2117 880 2180 927 et
2232 870 2626 949 perspiciant3

318 963 382 1014 et
406 972 543 1015 cum
566 954 705 1028 alia,
732 965 855 1015 tum
885 973 1009 1014 rem
1038 951 1383 1013 familiarem
1414 951 1826 1015 administrent
1849 955 2078 1031 melius,
2129 978 2304 1039 quam
2353 960 2627 1038 antehac,

316 1060 379 1108 et
406 1047 787 1127 speculentur
812 1046 1069 1125 singula,
1093 1044 1179 1106 sic
1224 1044 1534 1107 dicentes:
1585 1048 1884 1119 Quomodo
1925 1051 2083 1112 istuc
2119 1073 2178 1112 se
2233 1053 2452 1115 habet?
2513 1054 2628 1117 mn·

318 1139 481 1202 illud
522 1142 660 1201 est?
744 1142 895 1212 Quis
940 1140 1047 1201 Ιιοσ
1098 1138 1353 1201 summ?
1435 1139 1688 1201 Bacca.
1740 1143 1832 1203 Ita
1874 1144 2111 1224 edepol.
2195 1144 2453 1209 Proinde
2493 1146 2622 1227 jam

320 1234 767 1295 Atheniensium
804 1232 1069 1313 quilibet,
1119 1243 1185 1291 ut
1212 1232 1451 1292 intravit
1477 1232 1741 1309 domum,
1769 1236 2052 1299 inclamat
2084 1255 2308 1312 servos,
2351 1239 2622 1301 sciscita-

320 1336 533 1407 tut-que
557 1347 573 1387 z
624 1328 744 1389 Ubi
766 1335 852 1387 est
882 1324 1044 1387 olla?
1091 1326 1239 1396 Quis
1264 1332 1445 1403 caput
1468 1328 1714 1389 eomedit
1735 1347 1942 1391 maenae
1960 1330 1991 1389 f
2077 1332 2326 1394 Catium
2346 1336 2623 1413 proximo

320 1438 477 1480 anno
504 1428 691 1481 emtus
718 1421 959 1481 interiit
980 1418 1147 1479 milti.
1238 1418 1355 1479 Ubi
1376 1418 1584 1479 allium
1602 1418 1764 1482 illud
1800 1422 2176 1484 hesternum?
2262 1427 2410 1498 Quis
2451 1428 2626 1489 adro·

316 1516 399 1573 sit
418 1514 677 1575 olivam?
758 1514 953 1573 Antea
979 1531 1117 1573 vero
1140 1510 1341 1571 stolidi
1382 1531 1487 1573 ore
1533 1511 1757 1586 hiante,
1795 1526 1862 1575 ut
1907 1516 2330 1578 Mammacuthi
2376 1520 2622 1599 quidam

317 1615 379 1666 et
408 1606 721 1678 Melitidoe,
744 1606 1054 1667 sedebant.
1098 1604 1313 1665 Cana.
1352 1606 1505 1667 Haec
1528 1606 1762 1686 quidem
1787 1609 2071 1689 adspicis,
2095 1610 2318 1691 inelyte
2335 1613 2625 1677 Achilles.

318 1700 407 1757 Tu
436 1717 600 1771 vero,
630 1718 762 1779 age,
788 1698 933 1778 quid
962 1698 1041 1757 ad
1082 1697 1215 1759 haec
1264 1697 1472 1759 dices?
1522 1698 1638 1759 hoc
1677 1710 1906 1760 tantum
1949 1702 2106 1774 vide,
2153 1724 2228 1764 ne
2269 1714 2328 1764 te
2371 1706 2625 1786 abripiat

316 1790 643 1863 iracundia,
672 1803 733 1853 et
762 1803 928 1853 extra
948 1792 1111 1854 oleas
1142 1791 1328 1852 ferat:
1377 1811 1513 1852 nam
1545 1794 1760 1853 acerba
1781 1793 1838 1853 in
1867 1804 1924 1853 te
1947 1794 2116 1857 dixit.
2199 1796 2340 1869 Sed,
2365 1817 2402 1857 o
2439 1819 2622 1878 gena-

316 1903 471 1957 rose,
498 1905 647 1945 cave
668 1906 745 1947 ne
774 1884 1053 1945 iracunde
1078 1882 1489 1953 contradicas:
1549 1904 1750 1947 verum
1789 1888 2112 1949 contractis
2149 1887 2317 1961 velis,
2358 1901 2621 1953 extrema

313 1998 517 2039 eorum
542 1999 647 2039 ora
666 1989 905 2039 ventum
927 1977 1170 2056 accipe:
1226 1976 1441 2037 deinde
1488 1978 1678 2057 magis
1721 1980 2034 2059 magisque
2083 2000 2292 2043 navem
2332 1984 2619 2062 guberna,

316 2080 377 2132 et
397 2073 651 2133 observa
676 2071 916 2152 quando
946 2081 1185 2130 ventum
1214 2070 1405 2131 lenem
1430 2081 1491 2130 et
1518 2070 1814 2149 placidum
1849 2084 2062 2133 nactus
2113 2074 2311 2135 fueris.
2398 2076 2540 2148 Sed,
2579 2097 2616 2139 ο

317 2166 419 2244 qui
442 2161 666 2245 primus
702 2165 1044 2225 Graecorum
1062 2163 1182 2225 alte
1228 2163 1570 2252 exstrusisti
1612 2165 1926 2243 magnifica
1971 2168 2168 2238 verba,
2211 2177 2272 2228 et
2318 2170 2618 2230 exornasti

316 2260 576 2339 tragicas
600 2278 815 2338 ungas,
837 2256 1122 2319 audacter
1150 2257 1353 2317 emitte
1392 2256 1602 2343 rivum.
1687 2258 1905 2319 AEsc'n.
1954 2258 2184 2323 Irascor
2224 2260 2494 2339 equidem
2539 2264 2616 2347 ob

314 2352 477 2415 hunc
502 2372 915 2431 congressum,
958 2360 1019 2411 et
1063 2348 1287 2410 fervent
1328 2349 1471 2409 mibi
1522 2350 1642 2411 bile
1699 2350 1945 2422 viscera,
1999 2352 2158 2431 quod
2209 2353 2352 2413 mihi
2407 2365 2618 2416 contra

311 2445 477 2507 hunc
496 2445 919 2526 disputandum
949 2444 1085 2503 erit:
1138 2462 1211 2503 ne
1237 2453 1433 2502 tamen
1466 2442 1628 2503 dicat
1655 2443 1732 2505 ad
1761 2444 1972 2505 incitas
2005 2466 2100 2507 me
2127 2445 2452 2521 redactum,
2482 2468 2616 2529 age,

312 2538 611 2618 responde
665 2537 826 2610 mihi,
876 2537 1047 2617 cujus
1100 2536 1182 2597 rei
1231 2535 1423 2615 gratia
1472 2535 1746 2597 admirari
1796 2548 2028 2618 oportet
2077 2541 2360 2618 poetam?
2443 2542 2612 2605 Eua..

313 2631 703 2694 Dexteritatis
730 2644 791 2694 et
814 2630 1169 2710 disciplinae,
1198 2630 1337 2709 quia
1364 2630 1636 2691 homines
1664 2630 1951 2691 efficimus
1975 2631 2242 2695 meliores
2273 2634 2330 2693 in
2362 2635 2616 2697 civitati-

310 2724 448 2787 bus.
534 2728 753 2787 AEscn.
798 2725 930 2783 Hoc
958 2722 1134 2803 igitur
1162 2723 1213 2783 si
1238 2734 1301 2785 tu
1330 2741 1450 2783 non
1474 2722 1689 2795 fecisti,
1711 2744 1910 2785 verum
1933 2744 2007 2785 ex
2031 2726 2202 2785 bonis
2225 2735 2285 2786 et
2307 2729 2610 2805 generosis

308 2839 413 2879 eos
464 2817 929 2899 improbissimos
971 2815 1305 2885 reddidisti,
1334 2836 1453 2896 quo
1500 2815 1792 2897 supplicio
1843 2816 2008 2877 dices
2054 2828 2113 2879 te
2157 2819 2400 2898 dignum
2429 2823 2612 2883 esse?

311 2909 564 2973 Bacca.
610 2912 828 2971 Morte.
908 2909 1001 2969 Ne
1042 2908 1202 2969 hunc
1250 2909 1568 2989 interroga.
1650 2912 1868 2971 AEscn.
1913 2910 2133 2987 Specta
2180 2912 2358 2991 igitur
2399 2915 2609 2994 quales

306 3023 411 3065 eos
440 3024 481 3064 a
504 3024 601 3065 me
629 3006 877 3083 primum
896 3002 1232 3083 acceperit}
1269 3020 1345 3061 an
1375 3002 1556 3062 fortes
1585 3012 1643 3063 et
1675 3002 2196 3082 quadricubitales‚
2225 3025 2335 3066 nec
2382 3005 2610 3071 detrec-

308 3104 505 3157 tantes
560 3097 765 3158 munia
806 3096 1064 3176 publica,
1110 3114 1221 3156 nec
1266 3093 1784 3168 circumforaneos,
1845 3114 1955 3157 nec
1995 3108 2284 3171 versutos,
2331 3109 2400 3160 ut
2451 3121 2610 3163 nunc

306 3200 473 3264 sunt,
502 3209 693 3270 neque
729 3190 1229 3269 praestigiatores3
1289 3207 1490 3249 verum
1547 3188 1840 3270 spirantes
1885 3190 2114 3251 hastam
2161 3203 2222 3253 et
2261 3192 2500 3255 lanceas
2549 3208 2612 3257 et

306 3283 517 3361 galeas
546 3302 681 3344 cum
704 3283 853 3343 albis
872 3282 1086 3355 cristis,
1116 3292 1179 3341 et
1204 3281 1471 3343 cassides
1502 3292 1564 3342 et
1584 3300 1812 3356 ocreas,
1833 3293 1894 3343 et
1912 3284 2139 3344 animos
2169 3286 2606 3365 septemplicem

302 3375 581 3458 clypeum
613 3375 903 3456 gestantis
930 3374 1149 3455 Ajacis.
1232 3374 1478 3436 Bacca.
1522 3376 1681 3437 Sane
1720 3376 1986 3455 procedit
2029 3376 2140 3437 boc
2170 3376 2423 3439 malum:
2467 3398 2608 3441 ene-

304 3470 469 3531 cabit
494 3490 591 3531 me
624 3471 829 3551 galeas
866 3488 1057 3547 usque
1104 3486 1591 3530 commemorans.
1678 3468 1849 3531 Eun.
1891 3470 1979 3527 Tu
2030 3489 2166 3530 vero
2209 3490 2462 3549 quanam
2513 3491 2608 3533 ra-

304 3562 467 3623 tione
510 3582 617 3623 eos
659 3574 783 3623 tam
830 3564 1011 3623 fortes
1056 3581 1188 3623 esse
1234 3552 1536 3623 docuisti?
1615 3562 1869 3623 Bacca.
1913 3561 2026 3622 Dic
2071 3561 2365 3643 AEschyle,
2415 3583 2606 3645 neque

304 3656 459 3718 adeo
514 3657 661 3717 saevi
706 3657 976 3717 ferociter
1018 3666 1075 3716 te
1107 3654 1367 3734 jactans.
1452 3656 1670 3715 AEscn.
1714 3656 2086 3735 Tragoediam
2141 3656 2366 3716 faciens
2411 3657 2604 3719 Marte

302 3749 601 3811 refertam.
686 3750 933 3811 Bacca.
995 3744 1371 3817 Quamnam?
1452 3749 1670 3809 AEscn.
1735 3746 1958 3828 Septem
2005 3748 2089 3810 ad
2138 3748 2382 3823 Thebas,
2429 3770 2608 3831 quam

302 3862 487 3906 nemo
534 3844 845 3923 spectavit,
900 3837 1068 3923 quin'
1098 3848 1339 3919 cuperet
1394 3839 1646 3901 bellator
1694 3841 1839 3902 fleri.
1927 3840 2172 3903 Bacca.
2213 3842 2397 3921 Atqui
2453 3843 2608 3905 male

296 3934 420 3997 hoc
440 3937 550 3997 abs
579 3948 639 3997 te
667 3938 885 3997 factum
914 3946 1041 3996 est:
1098 3952 1235 3993 nam
1258 3932 1574 3994 Thebanos
1606 3932 1952 3994 audaciores
2001 3933 2312 3995 reddidisti
2356 3936 2434 3997 ad
2479 3956 2608 3998 mo-

299 4028 565 4089 vendum
592 4030 853 4091 bellum:
910 4027 1163 4106 ideoque
1192 4027 1427 4106 vapula.
1510 4028 1730 4087 AEscn.
1772 4027 1856 4086 At
1901 4026 2068 4086 vobis
2119 4028 2335 4090 licebat
2376 4030 2606 4092 bellicis

302 4121 484 4183 rebus
530 4140 767 4202 operam
816 4122 998 4189 dare3
1057 4119 1165 4181 sed
1215 4140 1287 4182 eo
1340 4138 1459 4179 non
1518 4138 1627 4180 vos
1681 4119 2074 4181 convertistis.
2156 4120 2390 4185 Deinde
2443 4123 2608 4186 edita

298 4213 599 4295 tragoedia
650 4216 880 4286 Persis,
936 4214 1141 4276 itidem
1195 4232 1297 4273 eos
1356 4210 1533 4273 docui
1582 4211 1831 4292 cupidos
1880 4232 2012 4272 esse
2076 4213 2345 4274 vincendi
2399 4215 2605 4275 hostes

298 4316 617 4386 perpetuo,
646 4307 1049 4387 ador-navique
1076 4326 1227 4385 opus
1246 4306 1722 4388 pulcherrimum.
1807 4304 2055 4367 Bacca.
2102 4307 2318 4389 Utique
2361 4309 2602 4387 gavisus

299 4417 461 4472 aum,
490 4398 710 4461 auditis
754 4422 891 4481 quse
940 4400 1364 4462 nuntiabantur
1412 4398 1489 4459 de
1539 4398 1726 4460 Dario
1765 4410 2016 4474 mortuo,
2059 4420 2360 4479 quumque
2405 4400 2602 4461 statim

300 4490 568 4565 Chorus,
610 4492 881 4557 manibus
928 4494 1016 4557 sic
1068 4492 1388 4574 complosis
1442 4492 1820 4567 exclamaret,
1873 4492 1970 4567 Iu,
2027 4494 2114 4557 iu.
2199 4496 2412 4555 AEscu.
2457 4494 2608 4555 Hoee

468 4585 669 4647 Arist.
703 4587 845 4652 Lat.
2321 4588 2358 4643 2
2404 4586 2450 4646 F
