3059 5059
426 581 647 644 atenim
674 580 899 662 peritus
921 597 1043 639 non
1071 584 1201 637 erat
1217 574 1510 656 equestris
1530 571 1655 634 rei:
1707 584 1836 634 tum
1873 572 2120 654 quidam
2153 594 2232 636 ex
2271 574 2478 636 amieis
2517 595 2726 657 super..

423 675 668 736 veniens
690 671 842 736 dixit
862 671 961 732 eit
1022 671 1211 744 Quas·
1234 671 1479 752 quisque
1504 667 1672 728 nor-u
1693 675 1902 741 arun,
1930 669 1998 730 in
2027 667 2140 730 1:oe
2163 687 2224 730 ιι
2261 677 2540 732 exercent.
2623 670 2726 732 Sic

422 778 491 831 tu
520 785 759 848 quoqne
782 783 953 828 curre
978 763 1061 826 nd
1078 761 1385 824 Pittalum.
1456 759 1666 820 Bon..
1697 758 1926 820 Similia
1951 759 2086 822 hmc
2105 761 2284 822 etiam
2313 774 2455 825 sunt
2479 762 2726 844 reliquis

422 861 548 941 tuis
570 857 856 920 moribus.
936 856 1093 918 Aac.
1136 855 1363 916 Saltem
1388 863 1459 914 tu
1496 862 1802 914 memento
1841 872 2015 932 quem
2057 852 2136 915 ad
2174 855 2420 918 modum
2459 855 2562 917 ille
2601 875 2729 916 res·

420 951 657 1037 pendit.
738 951 944 1012 Pan..
982 947 1165 1021 Audi,
1192 947 1449 1028 nefuge.
1535 945 1605 1005 In
1638 946 1850 1027 Sybari
1875 947 2088 1009 mulier
2113 947 2255 1008 olim
2283 948 2544 1029 fregerat
2567 947 2732 1010 echi-

422 1065 650 1108 num—
729 1044 887 1104 Acc.
930 1041 1127 1122 Hujus
1146 1039 1329 1102 etiam
1356 1037 1504 1100 dicti
1530 1047 1746 1100 testem
1785 1049 1848 1100 te
1885 1057 2022 1101 esse
2059 1039 2218 1102 volo.
2300 1039 2503 1103 Pnu..
2547 1040 2728 1104 Fabi-

421 1157 542 1200 nus
566 1136 670 1198 ille
696 1155 837 1198 vero
870 1143 1026 1197 teste
1054 1131 1317 1214 quodam
1336 1130 1694 1193 adhibitam
1713 1130 1820 1212 jus
1845 1133 2104 1194 vocabat
2139 1131 2444 1196 mulierem
2481 1133 2726 1215 Sybari-

421 1230 653 1302 tidem3
700 1240 827 1291 tum
854 1227 959 1288 illa
986 1226 1177 1288 dixit:
1236 1225 1337 1286 Ita
1372 1244 1459 1286 nne
1488 1225 1868 1304 Procopio«
1891 1235 2068 1298 anet,
2093 1228 2152 1287 a·
2178 1228 2392 1288 omissa
2429 1225 2546 1288 Ιωσ
2585 1245 2730 1289 con·

424 1324 761 1396 tentatione,
789 1320 1329 1400 &letiense-veiam
1350 1319 1605 1391 mnne,
1629 1337 1864 1398 saperes
1877 1321 2092 1401 uagis.
2173 1319 2333 1382 Acc.
2375 1319 2592 1394 Iliade,
2615 1339 2726 1382 us·

422 1417 687 1498 quedam
712 1416 952 1476 Archon
980 1412 1145 1474 litem
1172 1411 1331 1473 hanc
1370 1409 1670 1472 introduci
1697 1411 1932 1491 jubeat.
2017 1412 2228 1474 Bou..
2267 1413 2364 1474 lta
2401 1431 2497 1474 ma
2535 1413 2724 1476 Ceres

422 1520 605 1583 amet,
620 1519 690 1570 ut
706 1519 773 1570 tu
802 1527 922 1569 non
950 1505 1207 1587 amplius
1234 1503 1330 1564 bic
1358 1503 1668 1564 manebis:
1723 1503 1836 1566 sed
1856 1503 2166 1566 sublimem
2205 1505 2466 1567 medium
2505 1527 2622 1588 ego
2659 1517 2727 1569 to

420 1612 805 1684 „neptum-
884 1599 1085 1661 Pan..
1127 1595 1289 1668 Quid
1328 1594 1503 1677 agis?
1585 1596 1794 1657 Bon..
1837 1596 1996 1668 Quid
2041 1597 2267 1679 agam?
2313 1599 2442 1661 fero
2480 1609 2540 1660 ta
2581 1599 2723 1662 hinc

419 1694 600 1756 intro.
682 1695 787 1755 Sin
812 1693 1031 1766 minus,
1054 1700 1243 1752 testes
1265 1689 1548 1751 deficient
1571 1690 1708 1752 illos
1736 1700 1860 1752 tam
1886 1690 2108 1753 multos
2155 1689 2340 1772 quite
2377 1691 2440 1752 in
2472 1692 2575 1772 jus
2613 1712 2723 1754 vo-

418 1788 615 1850 caturi
642 1798 804 1851 sunt.
870 1786 1070 1848 Pan..
1094 1783 1383 1864 AEso'pum
1410 1782 1716 1864 quondam
1741 1783 1902 1846 cives
1933 1783 2292 1865 Delphici—
2373 1784 2581 1846 Bon..
2607 1787 2722 1847 M·

424 1878 519 1942 1231
534 1897 756 1942 moror.
832 1878 1033 1940 Pau..
1062 1877 1346 1938 Furatum
1375 1896 1510 1937 esse
1537 1876 1800 1957 phialam
1826 1876 2258 1938 insimulabant
2282 1877 2618 1959 Apollinis:
2661 1888 2729 1940 at

422 1972 527 2033 ille
553 1971 813 2034 narravit
838 1972 949 2045 eis,
974 1981 1043 2031 ut
1070 1969 1214 2032 olim
1242 1969 1666 2031 scarabaeus-
1747 1968 1954 2031 Bou..
1995 1969 2172 2030 Vah!
2219 1989 2436 2032 enecas
2463 1991 2558 2032 me
2583 1989 2726 2034 cun

424 2066 547 2128 tuis
592 2064 930 2127 mmboeis.
1014 2063 1231 2125 Onon.
1272 2062 1477 2124 Laudo
1523 2062 1796 2123 fortunas
1841 2073 2000 2136 tuas,
2059 2082 2100 2123 o
2155 2081 2364 2126 senex.
2447 2065 2540 2124 En
2597 2084 2722 2145 qno

424 2160 695 2240 pervenit
716 2177 793 2218 ex
820 2157 990 2219 arida
1012 2157 1119 2218 illa
1145 2167 1207 2216 et
1224 2175 1439 2238 aspera
1456 2154 1692 2216 vivendi
1715 2153 1979 2218 ratione!
2009 2155 2130 2216 alia
2137 2155 2262 2236 jam
2278 2176 2388 2237 pro
2401 2155 2516 2219 illis
2539 2157 2727 2220 edoc-

420 2260 547 2326 tus,
574 2251 781 2331 utique
802 2249 1033 2311 deliciis
1054 2249 1417 2330 mollitieque
1444 2246 1780 2328 indulgebit
1803 2249 2139 2329 plurimum.
2196 2250 2314 2310 Sed
2339 2251 2489 2313 forte
2513 2253 2721 2314 nolet:

422 2363 565 2404 nam
590 2343 869 2404 recedere
896 2342 1135 2404 difficile
1157 2353 1252 2404 est
1276 2343 1354 2402 ab
1380 2340 1644 2423 ingenio,
1672 2360 1792 2421 quo
1823 2361 2052 2422 semper
2078 2341 2212 2423 quis
2254 2342 2404 2406 fuit:
2451 2345 2726 2424 quamvis

424 2435 631 2497 multis
652 2435 713 2495 id
737 2435 979 2510 accidit,
999 2446 1068 2497 ut
1094 2435 1342 2496 aliorum
1370 2434 1635 2495 consiliis
1663 2444 1902 2496 utentes
1927 2435 2286 2498 mutaverint
2303 2455 2517 2498 mores.
2559 2437 2724 2498 Mul-

424 2541 551 2591 tam
578 2548 717 2590 vero
743 2527 1004 2604 landem,
1031 2548 1165 2589 meo
1186 2528 1642 2610 sapientumque
1661 2526 1912 2608 judicia,
1933 2529 2258 2608 reportabit
2283 2531 2363 2591 ob
2383 2550 2552 2592 suam
2577 2549 2726 2612 erga

420 2633 653 2704 patrem
681 2621 983 2701 pietatem,
1012 2635 1075 2684 et
1094 2621 1415 2693 solertiam,
1440 2618 1848 2682 Philocleonis
1877 2631 2116 2700 gnatus.
2199 2622 2270 2682 In
2299 2622 2528 2686 nullum
2565 2624 2726 2684 enirn

424 2725 551 2776 tam
578 2733 786 2775 comen
814 2713 1017 2788 incidi,
1055 2733 1165 2776 nec
1192 2713 1373 2774 ullius
1390 2731 1584 2774 mores
1611 2714 1698 2774 ita
1723 2712 2014 2788 deamari,
2041 2733 2154 2776 nec
2175 2735 2438 2794 unquam
2473 2726 2594 2776 tam
2635 2717 2725 2776 ef·

420 2805 561 2867 {inse
587 2808 827 2868 loetatus
848 2825 1005 2868 sum.
1080 2805 1241 2875 Quid
1266 2806 1423 2866 enim
1453 2804 1550 2867 ille
1578 2804 1894 2866 adversum
1919 2818 2148 2886 patrem
2168 2807 2340 2883 dixit,
2369 2809 2431 2869 in
2453 2827 2578 2888 quo
2601 2826 2722 2869 non

423 2900 653 2974 vicerit,
678 2901 927 2980 cupiens
948 2909 1228 2979 parentes
1254 2898 1695 2959 honestioribus
1719 2917 1928 2960 ornare
1953 2899 2166 2960 studiis
2186 2899 2215 2959 ἲ

510 2993 782 3054 ΧΛΜἮ.
827 2993 951 3051 Res
972 2990 1241 3052 turbidas
1269 3001 1332 3052 et
1354 2991 1682 3065 intricatas,
1707 2991 1792 3051 ita
1815 3011 1908 3052 me
1938 2992 2212 3054 Bacchus
2237 3001 2422 3067 amet,
2459 2993 2522 3054 in
2559 2993 2726 3056 mdes

426 3095 667 3146 nostras
696 3085 911 3165 aliquis
940 3083 1090 3146 deus
1116 3084 1358 3145 invexit.
1438 3085 1632 3145 Senex
1653 3082 1812 3145 enim
1839 3095 2062 3159 noster,
2103 3097 2173 3149 ut
2207 3086 2314 3148 diu
2353 3086 2724 3166 multumque

427 3176 677 3258 potavit,
702 3179 1021 3258 tibiamque
1050 3177 1259 3252 audiit,
1300 3177 1511 3238 lotitia
1547 3179 1846 3258 perfusus,
1887 3187 2072 3240 totam
2097 3189 2334 3242 noctem
2373 3181 2724 3242 saltationes

430 3271 565 3331 illas
592 3269 873 3350 antiquas
902 3268 1233 3345 continuat,
1258 3270 1473 3352 quibus
1488 3269 1744 3332 certavit
1768 3270 2017 3351 Thespis
2047 3271 2106 3331 in
2149 3272 2371 3345 choris,
2409 3293 2598 3354 seque
2639 3274 2728 3334 ait

432 3379 571 3424 mox
587 3361 866 3423 saltando
892 3373 1286 3435 ostensurum,
1308 3363 1616 3444 Tragicos,
1637 3363 1746 3444 qui
1771 3383 1930 3423 nunc
1959 3375 2119 3437 sunt,
2149 3365 2345 3426 fatuos
2373 3373 2436 3425 et
2460 3366 2724 3426 insulsos

430 3475 589 3517 esse.
673 3454 876 3517 Pnn..
920 3457 1073 3526 Quis
1100 3454 1375 3516 vestibuli
1406 3457 1578 3517 sedet
1602 3457 1663 3516 in
1691 3455 1955 3517 foribus?
2037 3459 2306 3518 xant-n.
2349 3457 2484 3517 Hoc
2501 3457 2724 3519 malum

422 3549 551 3630 jam
590 3549 879 3630 procedit.
965 3550 1165 3610 Pnu..
1204 3549 1490 3610 Claustra
1528 3549 1799 3612 laxentur
1853 3549 2003 3610 ista:
2059 3567 2318 3630 namque
2362 3551 2490 3630 jam
2543 3551 2726 3612 iniun-

428 3643 771 3704 saltationis
788 3644 1180 3704 exordium—-
1214 3645 1517 3721 (Χωιτιι.
1539 3643 1699 3712 Quin
1721 3643 1920 3723 potius
1948 3642 2104 3704 forte
2129 3643 2344 3704 furoris
2367 3642 2726 3720 exordium.)

434 3735 638 3798 Pau..
680 3737 832 3806 Qum
856 3739 1043 3799 latera
1063 3757 1283 3818 magna
1308 3737 1367 3796 vi
1392 3747 1644 3816 torquet.
1731 3735 1823 3794 En
1851 3746 1925 3796 ut
1943 3736 2103 3796 naris
2127 3736 2342 3818 mugit,
2367 3745 2432 3798 et
2457 3739 2727 3798 vertebra

434 3835 648 3892 sonat!
730 3831 1001 3891 Xan‘m.
1046 3830 1193 3890 Bibe
1219 3828 1605 3889 helleborum.
1687 3829 1888 3890 Pau..
1915 3829 2072 3891 Ferit
2091 3828 2487 3909 Phrynichus,
2505 3839 2576 3890 ut
2589 3829 2726 3910 gal-

433 3923 614 3986 lus—
715 3925 1011 4000 (Xan-tn.
1052 3923 1131 3983 Ni
1170 3941 1433 3996 caveam,
1472 3922 1736 3984 calcibus
1779 3942 1872 3983 me
1914 3922 2140 3998 feries.)
2221 3923 2420 3984 me..
2464 3921 2724 3982 vibratis

434 4017 496 4075 in
522 4015 711 4078 altum
734 4015 999 4077 calcibus
1023 4015 1287 4078 micans:
1341 4013 1469 4074 hiat
1492 4013 1710 4096 podex.
1791 4015 2060 4076 Xan-tn.
2105 4014 2242 4085 Quo
2265 4014 2328 4076 in
2345 4013 2482 4075 loco
2507 4024 2568 4076 te
2593 4033 2724 4075 mo-

430 4127 577 4170 veas
603 4108 759 4170 vide.
841 4109 1043 4169 Pau..
1086 4109 1263 4168 Nunc
1288 4108 1527 4170 enimin
1551 4110 1771 4170 nostris
1797 4113 2042 4172 artubus
2061 4109 2308 4170 vertitur
2346 4109 2548 4170 laxum
2587 4127 2726 4171 ace·

434 4202 727 4264 tabulam.
809 4201 1017 4262 Bon..
1066 4200 1227 4262 Nihil
1250 4200 1449 4262 hercle
1473 4202 1636 4277 boni,
1655 4204 1738 4263 nil
1759 4203 2062 4284 profectoz
2117 4201 2224 4266 sed
2254 4202 2412 4262 furor
2452 4201 2550 4262 hic
2589 4203 2726 4281 qni·

434 4293 572 4356 dem
600 4305 714 4356 est.
796 4294 931 4357 Pm
942 4313 1000 4357 1..
1041 4295 1173 4376 Age
1198 4314 1358 4356 nunc
1376 4293 1610 4358 edicam
1633 4309 1696 4359 et
1725 4316 2064 4378 provocem,
2091 4296 2194 4378 qui
2213 4313 2446 4358 mecum
2474 4305 2724 4356 certent.

434 4387 503 4448 Si
524 4387 663 4470 quis
688 4388 991 4466 tragoedus
1016 4399 1287 4452 autumat
1310 4409 1377 4451 se
1402 4392 1552 4452 scite
1579 4389 1817 4465 saltare,
1843 4391 1962 4452 huc
1983 4389 2234 4453 accedat
2259 4407 2488 4450 mecum
2517 4387 2724 4448 decer·-

432 4491 668 4543 taturus
705 4482 1041 4546 saltatione.
1068 4539 1081 4551 „
1129 4483 1228 4544 Ait
1278 4482 1433 4563 quis,
1487 4503 1565 4544 an
1613 4483 1833 4547 nemo!
1871 4477 1894 4494 ⁸
1915 4484 2120 4546 anr..
2163 4483 2334 4544 Unus
2379 4481 2492 4544 iste
2535 4479 2722 4544 solus.
