3059 5059
481 324 603 386 244
1237 318 2029 382 AnlsTOPnAms
2426 319 2783 402 [mo-612

488 450 574 514 At
597 449 662 511 id
681 468 797 532 ego
821 447 1096 514 effectum
1122 448 1301 526 dabo,
1327 453 1414 512 ita
1437 461 1508 512 ut
1552 472 1695 514 vera
1715 453 1940 513 dixisse
1982 449 2125 512 mibi
2172 457 2299 511 tute
2346 451 2427 510 sis
2476 449 2672 522 testis,
2728 457 2787 510 et

487 543 588 606 hic
609 544 738 624 ipse
765 542 910 604 nibil
956 543 1356 606 contradicere
1405 545 1617 626 possit.
1700 545 1917 607 Onon.
1960 546 2139 605 Nunc
2188 542 2425 604 demum
2472 539 2623 603 illud
2676 549 2788 612 est,

489 657 672 718 quum
699 647 760 698 te
785 636 1134 718 prudentem
1163 636 1420 698 animum
1449 649 1511 698 et
1552 637 2021 718 philosophicam
2062 637 2485 718 cogitationem
2526 632 2786 694 excitare

491 739 744 810 oportet,
809 730 1093 792 scientem
1141 730 1485 792 mulieribus
1540 731 1743 792 amicis
1800 750 2161 792 succurrere.
2266 729 2362 790 Ad
2414 745 2788 788 communem

489 823 644 884 enim
699 822 1038 884 felicitatem
1091 820 1430 883 adhibenda
1477 823 1583 883 tibi
1632 835 1725 884 est
1784 823 2005 903 lingum
2060 823 2323 894 solertia,
2376 840 2512 901 qum
2556 817 2785 878 civilem

487 915 768 997 populum
797 916 1048 977 adornet
1089 915 1332 976 infinitis
1376 916 1863 994 prosperitatibus
1904 919 2063 988 vitre,
2112 927 2174 977 et
2218 916 2603 984 demonstret,
2646 907 2789 989 quid

489 1008 726 1070 occasio
753 1009 960 1089 possit.
1049 1007 1288 1087 Indiget
1307 1009 1524 1089 quippe
1556 1010 1805 1091 sapienti
1832 1011 2111 1090 quopiam
2153 1017 2487 1070 commento
2544 1004 2788 1083 respub·

487 1101 604 1162 lica
629 1113 852 1162 nostra.
935 1102 1016 1160 At
1039 1101 1255 1180 perfice
1283 1100 1462 1161 modo
1506 1121 1623 1174 res,
1677 1122 1812 1180 qum
1856 1121 1967 1162 nec
2026 1103 2201 1162 factm
2256 1119 2543 1180 unquam,
2594 1115 2789 1174 neque

491 1205 966 1255 commemoratae
989 1192 1202 1254 fuerint
1225 1203 1421 1254 antea.
1503 1193 1775 1254 Oderunt
1802 1195 1955 1256 enim
1986 1195 2172 1255 nostri
2200 1195 2490 1262 homines,
2518 1191 2573 1250 si
2591 1201 2791 1249 vetera

489 1285 711 1366 soepius
759 1295 1052 1367 spectent.
1135 1285 1256 1346 Sed
1312 1306 1432 1347 non
1485 1287 1926 1348 cunctandum:
1984 1288 2125 1366 quin
2174 1287 2373 1368 potins
2422 1293 2790 1344 commenta-

487 1383 682 1440 tiones
709 1379 834 1459 ejus
863 1380 944 1439 rei
975 1379 1393 1458 aggrediendoe
1437 1389 1597 1440 sunt.
1682 1379 1837 1440 Nam
1884 1380 2001 1440 cito
2040 1378 2340 1460 quidpiam
2382 1395 2585 1455 agere,
2619 1372 2789 1434 valde

487 1473 810 1551 gratiosum
837 1486 932 1533 est
953 1471 1114 1551 apud
1140 1481 1526 1550 spectatores.
1612 1471 1833 1533 Paax.
1876 1474 2057 1552 Atqui
2082 1471 2395 1533 commoda
2434 1487 2529 1528 me
2579 1487 2791 1528 suasu·

491 1581 614 1623 ram
637 1583 772 1625 esse
792 1564 1028 1624 confido
1054 1565 1505 1644 spectatoribus,
1536 1565 1585 1624 si
1610 1565 1889 1626 mavelint
1916 1566 2052 1625 novi
2074 1564 2377 1646 quidpiam
2400 1561 2591 1642 sequi,
2614 1579 2791 1641 qnam

487 1657 1035 1737 moribus-antiquis
1063 1656 1389 1718 adhaerere.
1471 1659 1607 1718 Hoc
1632 1669 1725 1718 est
1750 1657 1912 1737 quod
1940 1659 2191 1718 maxime
2229 1654 2499 1716 formido.
2587 1653 2790 1712 Bur.

491 1751 586 1812 De
613 1769 894 1812 novarum
913 1749 1154 1829 quidem
1183 1769 1372 1810 rerum
1405 1751 1603 1811 studio
1632 1770 1707 1809 ne
1730 1763 2000 1812 metuas:
2044 1751 2153 1810 has
2182 1749 2338 1808 enim
2360 1746 2599 1817 sectari,
2620 1745 2791 1804 nobis

488 1863 596 1922 pro
623 1843 741 1903 alio
769 1843 979 1920 quovis
1001 1841 1246 1920 imperio
1269 1852 1384 1914 est,
1421 1854 1490 1902 ut
1532 1853 1594 1902 et
1635 1855 1897 1902 veterum
1946 1843 2161 1900 rituum
2208 1840 2579 1919 negligentes
2638 1855 2792 1897 esse.

491 1935 633 1998 PM
645 1954 711 1994 x.
754 1933 848 1995 Ne
867 1934 1364 2014 igitur-quispiam
1389 1943 1649 1993 vestrum
1674 1933 1817 1994 mibi
1840 1933 2232 2006 contradicat,
2258 1951 2447 2012 neque
2486 1951 2583 1991 me
2624 1930 2791 2010 prins

489 2025 840 2108 interpellet,
892 2045 1070 2107 quam
1124 2026 1680 2086 commentationem
1734 2045 1927 2086 meam
1982 2025 2230 2096 noverit,
2278 2035 2341 2084 et
2392 2043 2487 2083 me
2539 2023 2795 2083 audierit

487 2117 850 2198 loquentem.
934 2117 1170 2198 Quippe
1199 2117 1392 2178 dicam
1423 2137 1629 2179 omnes
1652 2129 1925 2199 oportere
1954 2119 2225 2178 omnibus
2252 2116 2341 2176 uti
2376 2116 2793 2188 communiter,

492 2211 870 2291 omniumque
904 2230 1099 2272 rerum
1131 2212 1448 2291 participes
1487 2231 1642 2284 esse,
1684 2223 1746 2273 et
1791 2232 1868 2273 ex
1912 2209 2119 2271 iisdem
2167 2210 2337 2270 bonis
2379 2209 2615 2278 vivere3
2672 2228 2793 2268 non

492 2315 692 2367 autem
738 2305 896 2366 hunc
938 2303 1200 2376 divitem,
1241 2304 1406 2364 illum
1449 2323 1589 2365 vero
1630 2305 1907 2364 miserum
1958 2323 2132 2370 esse3
2190 2323 2381 2382 neque
2420 2302 2581 2363 bunc
2624 2321 2795 2380 inag-

489 2417 635 2458 num
687 2416 892 2477 agrurn
923 2395 1140 2471 colere,
1179 2395 1264 2456 illi
1293 2415 1432 2458 vero
1471 2417 1547 2458 ne
1598 2397 1744 2458 satis
1777 2397 2017 2477 quidem
2056 2407 2225 2458 terre
2258 2415 2393 2456 esse
2448 2393 2793 2474 sepeliendo

489 2489 804 2558 cadaveri:
855 2509 1048 2570 neque
1077 2488 1260 2550 servis
1291 2489 1450 2551 hunc
1473 2489 1875 2571 compluribus
1902 2491 2009 2564 uti,
2038 2489 2203 2549 illum
2226 2501 2423 2549 autem
2452 2507 2527 2548 ne
2554 2487 2793 2568 pedise-

493 2603 676 2665 quum
703 2581 943 2662 quidem
963 2581 1199 2643 habere.
1231 2581 1351 2642 Sed
1375 2602 1557 2643 unum
1580 2583 1853 2643 omnibus
1892 2602 2263 2644 communem
2286 2573 2507 2642 v'ictum
2553 2582 2793 2654 faciam,

493 2697 745 2758 eumque
765 2676 1035 2738 similem.
1120 2675 1324 2737 Bzar.
1364 2675 1679 2745 Quomodo
1732 2677 1910 2756 igitur
1944 2677 2215 2737 omnibus
2262 2674 2591 2736 communis
2632 2673 2793 2733 erit!

494 2770 715 2833 Paax.
757 2768 1054 2830 comedes
1096 2778 1322 2828 stercus
1345 2769 1502 2848 prior
1529 2789 1647 2830 me.
1730 2770 1929 2832 Bur.
1973 2771 2052 2829 Et
2072 2768 2349 2830 stercoris
2388 2767 2568 2828 etiam
2606 2767 2795 2845 parti-

492 2862 656 2944 cipes
682 2861 944 2922 erimus?
1041 2861 1261 2923 Pnax.
1294 2861 1430 2921 Non
1458 2871 1693 2923 ecastor
1720 2883 1853 2923 mea
1876 2862 2008 2923 boec
2036 2873 2131 2922 est
2161 2861 2495 2922 sententia:
2538 2859 2651 2920 sed
2698 2879 2793 2920 me

491 2953 904 3036 interpellasti.
990 2953 1198 3015 Hocce
1240 2956 1394 3014 enim
1418 2954 1652 3016 dictura
1679 2973 1873 3015 eram:
1926 2975 2135 3037 nempe
2160 2973 2335 3034 agros
2362 2953 2551 3034 primo
2579 2953 2795 3014 faciam

495 3047 767 3108 omnibus
811 3066 1174 3119 communes,
1218 3057 1278 3108 et
1312 3048 1619 3129 pecunias,
1662 3058 1726 3108 et
1772 3047 1892 3107 alia
1938 3067 2073 3128 qum
2114 3047 2579 3126 uniuscujusque
2626 3057 2791 3107 sunt.

495 3137 654 3200 Dein
681 3157 758 3198 ex
783 3138 900 3198 illis
929 3140 1221 3211 omnibns,
1247 3139 1420 3200 factis
1447 3140 1881 3213 communibus,
1902 3159 2011 3199 vos
2041 3157 2246 3199 omnes
2274 3137 2521 3211 alemus,
2545 3137 2793 3219 dispen-

497 3241 699 3290 santes
735 3238 798 3290 et
837 3241 1172 3309 parcentes,
1211 3241 1276 3290 et
1317 3231 1579 3292 animum
1628 3231 2043 3293 adtendentes.
2127 3229 2329 3290 Bur.
2370 3231 2451 3289 At
2490 3231 2791 3310 quomodo

493 3324 598 3402 qui
625 3340 800 3402 agros
851 3341 972 3382 non
1024 3322 1316 3401 possidet,
1369 3326 1682 3404 pecuniam
1738 3343 1875 3386 vero
1928 3338 1993 3385 et
2038 3323 2314 3397 Daricos,
2364 3341 2509 3403 opes
2562 3322 2791 3383 scilicet

491 3414 844 3477 occultas—
924 3414 1146 3476 PnAx.
1191 3415 1343 3476 Hoec
1369 3417 1430 3476 in
1461 3417 1717 3478 medium
1737 3415 2015 3497 deponet,
2042 3427 2105 3477 et
2132 3418 2235 3496 qui
2264 3435 2385 3476 non
2424 3416 2791 3496 deposuerit,

494 3506 801 3588 pejerabit.
885 3506 1086 3568 Buzr.
1155 3507 1390 3590 Quippe
1447 3519 1506 3570 et
1554 3511 1879 3590 pejerando
1926 3510 2223 3590 quesivit.
2304 3509 2523 3569 Pnax.
2568 3509 2689 3569 Sed
2736 3509 2793 3570 ei

493 3620 738 3682 por-sus
787 3620 907 3662 non
955 3600 1270 3663 conducet.
1350 3603 1551 3664 Bur.
1597 3601 2036 3672 Quamobrem?
2116 3601 2339 3664 Pnax.
2396 3600 2591 3662 Nemo
2634 3602 2791 3661 euim

493 3694 810 3774 quicquam
851 3696 1216 3775 paupertatis
1244 3715 1427 3757 causa
1453 3696 1668 3757 faciet:
1722 3696 1941 3777 quippe
1984 3715 2190 3757 omnes
2220 3693 2420 3755 omnia
2464 3693 2795 3764 habebunt,

495 3805 706 3866 panes,
755 3787 1138 3860 salsamenta,
1165 3788 1492 3869 placentas,
1538 3791 1749 3865 laenas,
1790 3792 2010 3861 vinum,
2047 3787 2324 3863 corollas,
2368 3788 2541 3848 cicer.
2624 3787 2795 3856 Quo-

495 3879 653 3940 circa
699 3879 845 3959 quid
884 3879 1032 3940 lucri
1087 3891 1250 3941 esset
1303 3901 1422 3943 non
1471 3882 1793 3962 deponenti
1830 3883 2027 3943 omnia
2078 3881 2139 3940 in
2194 3877 2553 3943 commune?
2598 3891 2689 3954 tu,
2736 3883 2795 3940 si

495 3972 644 4052 quid
671 3971 994 4052 excogites,
1023 3973 1116 4034 fac
1146 3975 1362 4055 palam.
1446 3975 1649 4038 Bur.
1693 3977 1909 4037 Nonne
1938 3986 2001 4036 et
2036 3992 2197 4034 nunc
2242 3974 2285 4033 ii
2332 3973 2646 4054 plurimum
2694 3973 2793 4032 fu-

495 4075 722 4139 rantur,
749 4067 962 4145 quibus
1004 4067 1135 4127 hoec
1188 4069 1386 4128 omnia
1442 4068 1813 4149 suppetunt?
1914 4067 2134 4129 Paax.
2192 4069 2387 4127 Antea
2436 4064 2703 4145 quidem,
2752 4085 2797 4125 o

496 4157 707 4229 amice,
733 4175 914 4237 quum
935 4159 1226 4237 prioribus
1255 4160 1488 4241 leg-ibus
1517 4164 1863 4223 utebamur=
1918 4181 2079 4222 nunc
2106 4169 2325 4232 autem,
2352 4159 2463 4218 erit
2506 4157 2661 4216 enim
2714 4177 2797 4216 ex

495 4251 798 4312 communi
822 4249 1014 4310 victus
1049 4253 1341 4324 omnibus,
1367 4253 1653 4333 quidnam
1680 4252 2061 4314 emolumenti
2107 4253 2219 4313 erit
2256 4270 2378 4311 non
2422 4248 2801 4330 deponenti?

497 4343 698 4406 Bur.
739 4344 805 4403 Si
831 4343 1090 4424 puellam
1136 4345 1541 4428 conspicatus,
1587 4366 1719 4408 eam
1768 4347 1991 4425 cupiat,
2040 4345 2301 4426 velitque
2340 4343 2493 4404 clam
2544 4340 2805 4414 molere,

493 4433 734 4500 habebit
755 4435 918 4520 quod
941 4435 1068 4513 det,
1093 4457 1168 4501 ex
1195 4437 1288 4501 bis
1313 4439 1484 4504 bonis
1511 4459 1795 4504 sumens:
1816 4439 2216 4504 communium
2244 4447 2443 4502 autem
2469 4433 2801 4518 participa-
