3059 5059
391 371 473 432 ⁶0
1159 365 1973 432 ARISTOPHANIS
2334 373 2693 452 [929-990

388 499 577 565 Jusr.
619 499 686 564 Si
711 498 891 565 modo
908 500 1130 568 servari
1155 519 1290 565 curn
1315 510 1573 582 oportet,
1600 511 1663 562 et
1684 517 1805 563 non
1836 497 2259 580 loquacitatem
2296 500 2490 562 solum
2526 519 2697 564 exer·

387 612 547 660 cere.
608 593 746 658 liu.
789 593 926 656 Huc
952 594 1196 668 accede,
1219 606 1282 657 et
1307 595 1486 658 istum
1513 593 1645 656 sine
1669 593 1949 658 insanire.
2029 592 2217 656 ὅση.
2257 593 2611 676 Vapulabis,
2640 595 2699 656 si

387 704 632 755 manum
671 688 725 750 ei
769 686 1109 752 admoveas.
1193 688 1413 751 cnon.
1459 687 1729 752 Desinite
1773 690 1915 748 rixae
1968 697 2033 748 et
2084 685 2527 750 conviciorum:
2581 687 2695 750 sed

391 761 817 858 ostenditeftn
857 781 1100 862 quidem
1139 781 1350 864 prioris
1377 782 1490 843 mvi
1532 781 1803 844 homines
1844 781 2045 862 qualia
2084 780 2393 849 docuerint
2444 791 2509 840 tu
2550 799 2693 844 vero

390 891 608 940 novam
629 872 1007 953 disciplinam
1026 893 1046 944 ς
1089 883 1156 936 ut
1176 875 1386 938 audita
1409 885 1472 936 et
1496 873 1825 956 dijudicata
1853 885 2049 937 vestra
2074 873 2199 946 lite,
2226 874 2287 936 in
2316 873 2523 936 ludum
2544 872 2696 936 alte-

388 966 606 1030 rutrius
627 976 748 1034 eat.
827 968 865 1028 J
874 984 1014 1030 nst.
1058 967 1278 1030 Facere
1303 967 1421 1030 ista
1445 968 1607 1030 volo.
1690 970 1761 1030 In
1774 987 1827 1032 J.
1870 967 2001 1047 Ego
2032 967 2213 1028 etiam
2230 965 2391 1029 volo.
2473 967 2697 1030 Cnosi.

387 1060 544 1140 Age,
589 1061 728 1140 quis
781 1072 1040 1124 vestrum
1095 1060 1258 1124 dicet
1309 1059 1506 1142 prior?
1591 1062 1731 1126 lus.
1772 1061 1881 1123 Isti
1934 1059 2303 1124 concedam:
2348 1059 2567 1122 deinde
2616 1079 2695 1124 ex

385 1151 528 1228 illis,
553 1173 692 1234 qum
713 1153 947 1230 dixerit,
977 1156 1172 1236 ipsum
1229 1155 1402 1218 novis
1457 1154 1654 1217 verbis
1706 1164 1770 1216 et
1824 1153 2153 1226 sententiis,
2206 1153 2383 1234 quasi
2436 1153 2695 1234 sagittis,

387 1247 720 1328 configura:
761 1259 1066 1330 postremo
1095 1249 1148 1310 ai
1185 1248 1416 1312 hiscere
1466 1248 1786 1329 occeperit,
1841 1259 2029 1310 totam
2080 1246 2292 1310 faciem
2348 1257 2415 1308 et
2464 1247 2697 1320 oculos,

385 1340 560 1420 quasi
600 1359 639 1402 a
675 1341 1082 1414 crabronibus,
1121 1351 1516 1424 compunctus
1562 1341 1877 1404 sententiis
1934 1339 2104 1414 meis,
2158 1340 2392 1420 peribit.
2476 1340 2693 1402 Ciron-

387 1434 566 1496 Nunc
605 1434 932 1498 ostendent
967 1434 1089 1509 isti,
1126 1436 1262 1498 freti
1301 1435 1537 1498 callidis
1578 1435 1970 1509 sermonibus,
2014 1443 2081 1496 et
2120 1432 2606 1513 cogitationibus,
2630 1445 2697 1496 et

385 1527 873 1592 meditationibus
945 1530 1272 1594 sententias
1324 1528 1813 1609 procudentibus,
1870 1541 2001 1592 uter
2048 1545 2255 1592 eurum
2310 1525 2567 1590 dicendo
2612 1527 2697 1588 sit

387 1620 633 1683 melior:
675 1621 893 1684 etenim
918 1623 1017 1684 hic
1053 1643 1216 1688 nunc
1257 1641 1489 1685 summo
1527 1622 1590 1682 in
1632 1621 1973 1684 discrimine
2010 1629 2323 1682 versantur
2362 1619 2697 1700 sapientia,

387 1711 466 1776 de
491 1733 616 1794 qua
635 1716 782 1776 meis
809 1716 1018 1780 amicis
1047 1717 1366 1778 maximum
1393 1725 1488 1776 est
1513 1723 1833 1794 certamen.-
1874 1709 2021 1784 Sed,
2048 1729 2087 1770 ο
2114 1712 2217 1790 qui
2250 1712 2475 1792 priores
2506 1713 2701 1776 homi·

385 1825 496 1868 nes
523 1807 786 1870 moribus
813 1809 984 1872 bonis
1010 1806 1329 1877 decorasti,
1357 1824 1563 1884 rumpe
1591 1821 1817 1876 vocem,
1845 1821 1966 1884 qua
1990 1802 2329 1878 delecteris,
2347 1815 2409 1866 et
2428 1803 2692 1868 indolem

384 1908 547 1959 tuam
589 1899 860 1958 ostende.
944 1897 1132 1958 Jnsr.
1177 1898 1390 1958 Dicam
1432 1895 1613 1977 igitur
1652 1907 1909 1958 veterem
1950 1893 2349 1976 disciplinam,
2388 1898 2695 1977 quomodo

383 2001 727 2072 comparata
749 1990 945 2065 fuerit,
973 2010 1157 2072 quum
1183 2010 1298 2072 ego
1316 1989 1485 2070 justa
1521 1989 1781 2052 dicendo
1818 1989 2109 2063 florerem,
2147 2000 2210 2050 et
2248 1989 2542 2052 modestia
2582 1991 2693 2055 ad-

383 2083 504 2146 huc
543 2084 805 2148 moribus
847 2093 1088 2166 recepta
1127 2095 1310 2146 esset.
1372 2083 1633 2144 Primum
1680 2079 1921 2162 quidem
1964 2080 2217 2143 decebat
2260 2080 2483 2144 nullius
2525 2085 2694 2163 pueri

385 2177 690 2245 mutientis
719 2196 927 2240 vocem
969 2177 1199 2240 audiri:
1243 2175 1460 2239 deinde
1499 2174 1775 2240 incedere
1814 2176 2129 2256 oportebat
2166 2175 2227 2236 in
2269 2176 2381 2238 viis
2421 2175 2695 2240 modeste

383 2280 596 2334 euntes
621 2271 702 2332 ad
731 2270 1118 2334 citharoedum
1159 2270 1402 2333 vicanos
1445 2269 1641 2332 nudos
1684 2279 1749 2330 et
1784 2269 2109 2342 confertos,
2147 2269 2381 2334 etiamsi
2418 2271 2697 2351 ningeret

383 2366 573 2428 instar
613 2364 858 2428 farinas:
915 2363 1136 2426 deinde
1175 2363 1533 2426 cantilenam
1574 2362 1851 2438 docebat,
1892 2381 2073 2444 quam
2113 2361 2433 2438 discerent,
2474 2363 2695 2430 femina

385 2477 506 2520 non
532 2457 1009 2540 comprimentes,
1050 2467 1158 2519 aut
1199 2456 1516 2522 Palladem
1556 2458 1837 2520 invictam
1876 2457 2251 2520 vastatricem
2288 2457 2545 2533 turbins-s,
2586 2471 2695 2522 aut

387 2551 600 2634 Longa
624 2559 939 2632 vagantem
963 2552 1288 2626 cho-mm,
1315 2551 1598 2614 traditum
1626 2549 2005 2612 intendentes
2039 2567 2078 2610 a
2114 2549 2383 2630 patribus
2423 2549 2691 2614 modum.

386 2645 451 2707 si
477 2663 618 2707 vero
652 2663 859 2708 eorum
887 2645 1102 2726 aliquis
1129 2644 1375 2708 scurrile
1413 2643 1563 2726 quid
1600 2644 1954 2724 inceptaret,
1994 2643 2185 2706 fracta
2224 2643 2505 2725 mollique
2544 2663 2693 2708 voce

383 2757 632 2813 canem,
659 2748 870 2800 auctor
887 2738 1020 2820 ipse
1044 2737 1296 2812 inventi,
1319 2737 1467 2802 etin
1509 2736 1703 2798 modis
1746 2734 1933 2798 Chios
1974 2735 2068 2798 vel
2108 2736 2389 2817 Siphnius
2430 2737 2695 2811 imitans,

383 2831 594 2912 quales
623 2841 765 2894 sunt
795 2831 1083 2893 flexiones
1111 2831 1232 2892 illoe
1257 2829 1440 2912 vulgo
1467 2850 1629 2892 nunc
1654 2840 1940 2910 acceptoe,
1961 2849 2113 2911 quas
2146 2829 2403 2911 Phrynis
2444 2831 2693 2904 invexit,

381 2933 507 2986 tam
554 2924 888 3000 laboriosae,
912 2924 965 2986 is
991 2925 1144 2986 male
1171 2924 1568 2998 mulcebatur,
1593 2924 1795 2986 multis
1820 2933 2113 2986 connisus
2151 2925 2513 3001 verberibus,
2552 2935 2691 2988 tan-

383 3037 564 3098 quam
585 3018 689 3098 qui
720 3017 931 3080 Musas
959 3017 1242 3082 aboleret.
1272 3018 1344 3079 In
1364 3019 1648 3100 palaestra
1674 3027 1874 3082 autem
1900 3018 2211 3097 oportebat
2237 3017 2447 3080 sedere
2471 3037 2693 3101 pueros

380 3109 606 3172 femore
631 3120 952 3190 praetenso,
977 3129 1062 3170 ne
1081 3111 1227 3191 quid
1254 3111 1522 3174 indecori
1550 3110 1935 3173 ostenderent
1965 3109 2269 3174 extrarii„
2310 3123 2437 3174 tum
2480 3131 2695 3176 rursus

385 3201 630 3284 quando
671 3213 1006 3284 surgerent,
1047 3222 1288 3266 arenam
1329 3223 1697 3278 converrere,
1736 3214 1799 3266 et
1836 3203 2165 3284 providere,
2216 3225 2293 3268 ne
2342 3206 2691 3286 impressam

383 3295 646 3376 aliquam
671 3295 991 3376 imaginem
1018 3297 1192 3376 pubis
1222 3295 1625 3379 relinquerent
1650 3298 2031 3362 amatoribus.
2100 3298 2319 3360 Nullus
2359 3309 2502 3360 tunc
2541 3317 2692 3381 puer

383 3391 722 3471 ungebatur
747 3389 903 3452 infra
928 3389 1314 3462 umbilicumz
1357 3400 1717 3472 quapropter
1744 3392 1805 3452 in
1832 3390 2193 3474 genitalibus
2233 3411 2331 3454 ros
2358 3403 2423 3456 et
2444 3391 2693 3474 lanugo,

385 3482 541 3546 sicut
565 3484 632 3550 iu
657 3483 852 3558 malis,
877 3483 1272 3548 florescebat:
1299 3503 1409 3546 nec
1439 3484 1518 3547 ad
1548 3496 1877 3550 amatorem
1900 3484 2249 3558 accedebat,
2267 3505 2417 3550 voce
2436 3485 2695 3550 molliter

381 3574 636 3640 infracta
659 3586 724 3640 et
747 3577 1075 3650 modulata,
1101 3576 1456 3659 lascivisque
1484 3578 1677 3640 oculis
1706 3579 1990 3652 alliciens,
2018 3580 2147 3661 ipse
2170 3599 2318 3642 suus
2354 3579 2495 3642 leno
2512 3598 2536 3640 ε
2574 3599 2693 3644 nec

387 3688 620 3732 sumere
638 3669 862 3734 licebat
882 3671 1142 3734 eoenanti
1169 3683 1350 3753 caput
1375 3671 1649 3752 raphani,
1676 3691 1869 3753 neque
1898 3672 2179 3736 anethum
2198 3673 2499 3736 seniorum
2538 3695 2693 3756 prm·

384 3761 594 3843 ripere,
621 3782 736 3826 nec
760 3764 981 3846 apium,
1008 3784 1121 3826 nec
1146 3766 1344 3846 pisces
1373 3765 1707 3841 comedere,
1734 3786 1845 3828 nec
1873 3766 2107 3841 turdos,
2142 3785 2255 3830 nec
2294 3767 2511 3850 pedem
2534 3769 2693 3832 alte·

387 3875 520 3920 rum
563 3857 734 3922 alteri
787 3858 1115 3940 implicare.
1201 3860 1338 3925 lm.
1379 3860 1648 3942 Antiqua
1698 3879 1847 3922 sane
1899 3861 2031 3924 hoec
2088 3872 2251 3937 sunt,
2306 3872 2371 3924 et
2412 3862 2691 3943 Diipoliis

389 3967 614 4024 comita,
635 3952 817 4034 plena
838 3951 1088 4026 cicadis,
1115 3962 1180 4014 et
1207 3953 1454 4028 Cecida,
1481 3966 1545 4017 et
1570 3954 1923 4036 Buphoniis.
2007 3956 2195 4018 Jusr.
2234 3956 2517 4018 Attamen
2558 3956 2691 4020 hee

388 4053 532 4110 suet
554 4042 680 4120 illa,
705 4045 922 4125 quibus
949 4065 1084 4110 mea
1101 4046 1426 4128 disciplina
1451 4049 1611 4112 viros
1636 4049 1933 4122 educavit,
1978 4049 2080 4130 qui
2130 4048 2489 4110 Marathone
2536 4069 2693 4131 pug-

387 4147 640 4200 narunt:
681 4147 748 4198 tu
775 4147 971 4202 autem
998 4156 1162 4205 nunc
1188 4141 1456 4204 homines
1485 4141 1671 4204 doces
1702 4143 1901 4207 statim
1930 4142 2195 4206 vestibus
2221 4142 2481 4205 involvi:
2512 4142 2695 4204 adeo-

387 4247 508 4310 que
526 4247 742 4294 enecor
765 4231 1196 4314 indignatione,
1241 4235 1488 4315 quando
1538 4237 1601 4298 in
1658 4235 2101 4305 Panathenseis‚
2154 4237 2253 4298 ubi
2308 4255 2415 4298 eos
2470 4235 2697 4298 saltare

387 4332 640 4405 oportet,
667 4321 880 4404 aliquis
903 4327 1178 4409 clypeum
1204 4329 1345 4409 peni
1363 4327 1743 4411 praetendens
1780 4329 2033 4410 negligit
2075 4329 2497 4411 Tritogeniam.
2538 4329 2689 4392 Pro-

385 4415 550 4492 inde,
575 4435 616 4477 o
641 4416 1012 4496 adolescens,
1054 4421 1336 4486 audacter
1373 4443 1470 4487 me
1509 4422 1799 4506 potiorem
1840 4442 2173 4488 sermonem
2214 4423 2401 4506 eligez
2444 4433 2507 4486 et
2544 4434 2691 4488 tunc

385 4507 582 4577 disces
607 4512 808 4582 odisse
833 4513 1046 4593 sorum,
1068 4525 1128 4580 et
1157 4535 1194 4578 a
1219 4515 1472 4585 balineis
1499 4516 1815 4596 abstinere,
1856 4529 1919 4580 et
1957 4518 2309 4582 erubescere
2350 4519 2429 4581 ob
2468 4515 2689 4598 turpia,
