3059 5059
286 383 606 462 ιιι-106]
842 381 1651 446 ARISTOPHANIS
1720 387 2075 450 vespm.
2266 361 2289 378 '
2503 393 2579 454 τι

285 515 513 576 coracis
539 515 770 578 habeus
797 525 1016 594 caput:
1061 523 1186 576 tum
1231 533 1372 576 vcro
1427 514 1777 578 Alcibiades
1830 517 1973 578 mibi
2023 517 2169 578 dixit
2224 536 2325 582 ore
2372 519 2585 584 balbo:

289 607 612 670 Critiae?
657 607 910 670 Tholas
949 608 1164 670 colnois
1203 607 1376 668 labet
1417 617 1620 688 capet.
1704 611 1973 672 Χωιτιῑ.
2018 611 2205 672 Recte
2244 613 2307 674 id
2347 613 2587 694 quidem

284 699 630 762 Alcibiades
669 701 969 764 balbutiit.
1015 751 1028 768 ,
1053 701 1192 763 Sos.
1234 703 1457 764 Annon.
1493 703 1744 764 monstri
1780 702 1901 764 hoc
1940 703 2131 765 simile
2171 715 2284 780 est,
2324 706 2589 770 Theanus

283 811 498 856 corvus
529 792 769 856 factus?
851 796 1124 854 Xanrrr.
1167 793 1454 863 Minim03
1497 793 1679 855 immo
1712 796 1999 874 optimum
2040 807 2153 858 est.
2240 798 2380 860 Sos.
2423 800 2588 869 Quo-

285 885 510 946 modo?
593 889 866 948 Xan-ru.
933 886 1186 966 Rogas?
1228 885 1406 948 bomo
1457 896 1624 950 erat:
1664 886 1881 950 deinde
1930 899 2173 970 repente
2238 892 2440 952 factus
2497 903 2592 953 est

285 997 523 1040 corvus.
609 980 824 1040 Nonne
851 979 992 1041 binc
1020 979 1336 1041 manifesta
1363 980 1707 1059 conjectura
1748 1001 2059 1062 augurere,
2098 1003 2235 1044 eum
2274 985 2591 1044 subvolan-

284 1083 408 1134 tem
433 1091 474 1132 a
517 1072 692 1135 uobis
739 1071 820 1133 ad
860 1091 1070 1134 corvos
1113 1071 1374 1134 iturum?
1457 1073 1607 1134 Sos.-
1646 1074 1885 1154 Ergone
1940 1075 2175 1138 duobus
2216 1077 2412 1138 obolis
2466 1097 2587 1139 non

285 1163 622 1229 conducam
663 1175 744 1238 te,
795 1167 898 1244 qui
949 1177 1071 1228 tam
1123 1165 1430 1246 perspicue
1484 1165 1733 1246 conjicis
1788 1167 2063 1228 somnia?
2147 1172 2416 1232 Xan-ru.
2458 1170 2591 1251 Ago

285 1279 448 1330 vero,
475 1257 916 1338 spectatoribus
943 1269 1360 1338 argumentum
1384 1258 1585 1340 eloqui
1610 1258 1771 1333 volo,
1802 1260 1907 1320 ubi
1929 1262 2093 1340 prius
2119 1282 2313 1343 pauca
2334 1262 2465 1324 boec
2484 1283 2591 1325 eos

286 1373 596 1432 monuero.
679 1356 844 1416 Nihil
874 1375 912 1416 a
938 1357 1110 1417 uobis
1139 1365 1456 1436 expectent
1495 1376 1778 1436 maguum
1817 1358 2017 1430 nimis,
2057 1379 2169 1420 nec
2204 1362 2383 1421 etiam
2414 1361 2591 1440 jocos

289 1448 553 1528 Megaris
583 1449 778 1510 furtim
825 1450 1210 1530 conquisitos.
1295 1448 1488 1510 Nobis
1532 1451 1689 1510 enim
1745 1469 1855 1512 nec
1912 1461 2076 1525 sunt,
2122 1453 2229 1532 qui
2276 1473 2465 1515 nuces
2518 1475 2592 1516 ex

285 1541 558 1621 sportula
573 1543 806 1622 jaciant
833 1545 1288 1625 spectatoribus,
1315 1547 1503 1604 servi:
1548 1563 1662 1604 nec
1688 1555 1781 1606 est
1818 1544 2107 1605 Hercules
2144 1565 2317 1608 cena
2356 1547 2593 1608 defrau-

285 1633 492 1707 datus,
533 1654 646 1696 nec
703 1636 912 1697 iterum
965 1637 1277 1718 Euripides
1340 1636 1676 1716 petulanter
1730 1637 2093 1706 traducitur:
2148 1657 2343 1718 nequo
2392 1641 2591 1716 etiam,

285 1730 426 1808 qaia
450 1729 604 1790 Cleo
627 1730 880 1791 fortunas
907 1731 1108 1791 favore
1130 1730 1429 1803 inclaruit,
1452 1740 1761 1810 propterea
1788 1730 2042 1791 eundem
2085 1729 2253 1791 illum
2294 1732 2595 1794 hominem

283 1841 489 1884 rursus
519 1833 698 1884 aceto
719 1825 1170 1905 persuademus.
1255 1823 1376 1884 Sed
1405 1833 1502 1882 est
1525 1822 1701 1884 nobis
1728 1831 2141 1905 argumentum
2166 1843 2285 1884 non
2306 1825 2591 1906 ineptum,

283 1914 450 1994 quod
479 1925 738 1978 vestram
758 1916 998 1996 quidem
1029 1916 1378 1997 sapientiam
1420 1936 1542 1976 non
1584 1926 1845 1995 superat,
1876 1915 1983 1976 sed
2026 1926 2225 1978 tamen
2266 1919 2459 1998 magis
2500 1931 2595 1982 est

283 2007 504 2070 scitum
542 2019 604 2068 et
631 2008 898 2088 elegans,
925 2029 1106 2090 quam
1131 2011 1359 2089 qumvis
1381 2010 1611 2070 insulsa
1638 2008 1945 2069 comoedia.
2028 2009 2259 2092 Nempe
2292 2011 2471 2072 herus
2498 2024 2595 2074 cat

282 2103 484 2174 nohis,
509 2103 614 2181 qui
641 2103 704 2162 iu
729 2104 1030 2182 superiore
1057 2102 1278 2164 aedium
1296 2113 1462 2184 parte
1493 2102 1731 2176 dormit,
1760 2121 2015 2182 magnus
2040 2103 2139 2162 iile
2168 2104 2227 2162 ia
2258 2105 2592 2167 emuaculo.

285 2195 412 2256 Iste
439 2195 614 2256 nobis
643 2196 972 2276 imperavit,
993 2206 1063 2256 ut
1102 2215 1276 2256 suum
1315 2206 1545 2276 patrem
1586 2194 1989 2268 adservemus,
2030 2215 2205 2276 quem
2247 2196 2407 2257 intus
2449 2217 2597 2258 con·

281 2287 488 2358 clusit,
520 2306 596 2348 ne
625 2289 784 2350 foras
811 2299 1008 2350 exeat.
1078 2289 1294 2350 Morbo
1319 2290 1478 2347 enim
1507 2297 1677 2366 pater
1704 2287 1831 2366 ejus
1862 2289 2093 2350 laborat
2119 2291 2390 2364 mirabili,
2416 2311 2597 2372 quem

283 2399 464 2440 nemo
491 2380 668 2442 facile
695 2382 943 2453 noverit,
973 2401 1178 2460 neque
1199 2379 1539 2458 conjecerit,
1566 2379 1670 2460 qui
1708 2380 1808 2452 sit,
1839 2381 1955 2440 nisi
1996 2403 2071 2443 ex
2098 2384 2270 2445 nobis
2300 2385 2593 2446 audiatis:

285 2472 346 2534 si
383 2472 586 2534 minus
627 2471 890 2546 creditis,
930 2472 1046 2551 ipsi
1093 2470 1472 2550 conjecturas
1511 2471 1775 2534 facitote.
1859 2474 2143 2555 Amynias
2190 2475 2427 2556 quidem
2483 2479 2601 2540 isto

287 2564 554 2645 Pronapi
591 2564 750 2626 filius
779 2565 886 2638 ait,
913 2583 1050 2625 esse
1092 2583 1228 2629 eum
1271 2576 1595 2623 amatorem
1638 2564 1825 2624 alem:
1870 2567 1979 2628 sed
2019 2567 2163 2629 nibil
2206 2568 2371 2630 dicit.
2456 2571 2597 2632 Sos.

286 2657 458 2720 Nihil
485 2657 725 2725 herclez
757 2657 866 2719 sed
891 2657 967 2718 de
991 2677 1056 2718 se
1078 2657 1238 2718 hunc
1263 2659 1530 2717 morbum
1558 2657 1875 2736 conjectat.
1938 2663 2211 2722 Xanrn.
2247 2645 2423 2724 Haud
2452 2683 2599 2726 saue

285 2763 476 2814 reete.
559 2752 672 2814 Est
695 2763 898 2812 tamen
927 2751 1186 2813 Amator·
1204 2750 1446 2830 quidem
1473 2750 1783 2811 exordium
1812 2751 1989 2830 hujus
2029 2753 2188 2814 mali.
2274 2755 2395 2816 Iste
2435 2777 2596 2831 vero,

287 2846 488 2920 Sosia,
517 2845 598 2906 ad
627 2843 950 2925 Dercylum
983 2847 1092 2918 ait,
1123 2854 1443 2904 amatorem
1487 2863 1623 2904 eum
1666 2863 1799 2904 esse
1840 2847 2367 2926 compotationum.
2452 2851 2597 2912 Sos.

287 2939 734 3019 Nequaquam;
773 2939 832 2997 si
873 2937 1112 3018 quidem
1161 2938 1277 2997 iste
1325 2937 1567 2996 morbus
1611 2937 1791 2998 etiam
1833 2939 2085 2998 virorum
2136 2951 2230 3000 est
2290 2941 2597 3004 bonorum.

289 3033 570 3092 Xan-ru.
615 3031 1000 3093 Nicostratus
1037 3041 1236 3091 autem
1280 3028 1709 3090 Scambonides
1764 3031 1851 3091 ait
1891 3049 2025 3091 cum
2080 3042 2405 3094 amatorem
2464 3055 2599 3098 esse

290 3125 746 3198 sacrificiorum,
776 3135 880 3185 aut
903 3125 1229 3206 hospitum.
1315 3123 1456 3184 Sos.
1503 3123 1621 3183 Per
1646 3143 1851 3184 canem
1872 3123 2033 3203 juro,
2077 3125 2435 3202 Nicostrate,
2476 3147 2599 3190 aon

290 3229 392 3280 est
443 3229 672 3280 amator
719 3219 1042 3299 hospitum.
1145 3217 1304 3278 Nam
1359 3215 1629 3278 cinaedus
1682 3227 1775 3277 est
1828 3217 2219 3280 Philoxenus.
2328 3222 2597 3283 anrn.

291 3312 548 3374 Frustra
572 3312 921 3392 ungamini:
965 3331 1084 3372 nou
1115 3311 1270 3372 euim
1299 3311 1631 3371 invenictis.
1716 3310 1779 3368 Si
1808 3323 2004 3372 autem
2033 3311 2183 3373 scire
2210 3313 2448 3393 cupitis,
2470 3315 2601 3394 jam

287 3417 527 3467 tacete:
571 3404 888 3467 declarabo
949 3406 1104 3466 enim
1167 3423 1325 3465 nunc
1369 3405 1641 3464 morbum
1694 3403 1817 3465 heri
1865 3405 2003 3465 mei.
2084 3405 2317 3486 Quippe
2373 3417 2601 3468 amator

291 3512 388 3560 est
409 3501 686 3574 Heliacas,
715 3511 786 3560 ut
810 3519 984 3560 nemo
1013 3498 1164 3560 alius
1193 3518 1208 3558 ε
1253 3497 1595 3577 insanitque
1633 3497 1809 3576 hujus
1849 3498 1956 3568 rei,
1990 3497 2299 3577 judicandi
2338 3500 2599 3579 inquam,

289 3593 598 3674 cupidine,
629 3604 691 3652 et
718 3593 921 3672 gemit,
949 3594 1000 3652 si
1028 3611 1146 3652 nou
1175 3593 1236 3650 in
1257 3591 1445 3672 primo
1475 3590 1684 3651 sedeat
1702 3589 1974 3670 judicum
2012 3591 2315 3653 subsellio.
2402 3593 2605 3654 Noetu

290 3698 500 3746 antem
521 3685 712 3746 somni
741 3703 818 3746 ae
843 3685 1137 3746 tantillum
1167 3684 1408 3766 quidem
1437 3684 1635 3745 videt:
1682 3685 1731 3744 si
1760 3705 1899 3745 vero
1924 3685 2248 3766 pauxillum
2286 3687 2605 3747 connivere

289 3779 500 3858 cepit,
541 3789 739 3840 umen
779 3791 962 3840 noctu
1005 3779 1182 3838 etiam
1220 3797 1386 3838 mens
1427 3778 1637 3838 volitat
1676 3778 1797 3838 illic
1844 3778 2001 3839 circa
2042 3777 2437 3861 clepsydramL
2525 3781 2607 3840 Ee

292 3873 588 3953 qnoniam
616 3873 990 3933 assuefactus
1030 3882 1126 3932 est
1165 3870 1456 3932 calculum
1501 3885 1721 3946 tenere,
1764 3871 1957 3932 tribus
1992 3873 2351 3952 compressis
2394 3873 2603 3954 digitis

293 3966 754 4046 expergefactus
797 3967 1005 4045 surgit,
1045 3965 1216 4045 quasi
1259 3966 1398 4025 thus
1461 3965 1789 4044 imponeret
1844 3985 2063 4027 acerrae
2112 3966 2437 4028 novilunio.
2523 3967 2602 4028 Et

295 4057 619 4131 mehercle,
649 4059 701 4119 si
730 4059 944 4120 alicubi
974 4058 1178 4121 videat
1197 4059 1549 4139 inscriptum
1577 4060 1635 4118 in
1657 4058 2109 4138 janua,’Bel1us
2137 4061 2365 4120 Demus
2406 4062 2603 4142 Pyrr·-

297 4149 731 4233 la-pisfilr'rrr,
759 4152 886 4234 ipse
907 4152 992 4212 iro
1022 4151 1200 4226 solet,
1227 4163 1290 4214 et
1308 4153 1482 4234 juxta
1523 4153 1818 4213 scribere:
1860 4153 2070 4216 Bellus
2114 4155 2325 4216 Contu
2360 4153 2603 4218 «Iudici-

298 4247 490 4308 aria.
573 4245 818 4307 Gallum
857 4255 1056 4308 autem
1095 4247 1510 4326 gallinaceum,
1556 4247 1655 4325 qui
1695 4243 1991 4307 cecinerat
2029 4247 2279 4326 vesperi,
2323 4247 2495 4323 dixit,
2536 4267 2605 4308 se

299 4340 562 4402 excitare
586 4339 780 4414 tardo,
807 4340 952 4420 quia
977 4351 1286 4421 corruptus
1316 4351 1478 4402 esset
1503 4359 1541 4400 a
1566 4337 1681 4400 reis
1718 4350 1987 4420 argento.
2070 4339 2283 4402 Statim
2326 4351 2521 4403 autem
2566 4359 2611 4400 a*

300 4449 482 4494 cena
501 4453 640 4494 cum
679 4434 938 4496 clamore
977 4435 1172 4517 poscit
1209 4433 1479 4496 calceos:
1529 4431 1743 4496 deiude
1784 4433 1888 4494 ubi
1927 4433 2067 4493 illuc
2098 4444 2238 4493 ante
2276 4433 2600 4495 diluculum

299 4526 488 4602 venit,
513 4525 734 4588 dormit
785 4527 1040 4592 adnixus
1097 4539 1160 4588 et
1213 4527 1446 4590 haerens
1502 4526 1817 4601 columnas,
1871 4527 2058 4588 instar
2113 4525 2379 4587 conchae.
2464 4523 2611 4586 1²2·oe
