3059 5059
547 395 700 458 που·
1301 383 2079 451 ARISTOPHANIS
2480 381 2809 465 [en-2⁷30

541 524 671 602 Ego
687 527 882 582 autem
913 516 1160 580 dormire
1181 527 1612 598 non=poteram‚
1634 515 1742 578 sed
1768 537 1859 576 me
1886 515 2069 598 pultis
2100 513 2519 593 olla‘quaedam
2546 512 2812 594 percelle-

539 616 663 688 bat,
689 613 886 694 posita
913 631 1030 672 non
1059 612 1268 693 procul
1298 630 1335 671 a
1361 611 1555 690 capite
1602 609 1853 670 aniculas
1896 607 2228 688 cujusdam,
2278 606 2355 667 ad
2398 625 2575 687 quam
2616 605 2815 665 misere

539 707 848 787 cupiebam
876 702 1181 784 adrepere.
1267 704 1499 764 Deinde
1523 702 1851 783 suspiciens
1880 701 2054 761 video
2084 698 2452 760 sacerdotem
2474 699 2599 759 liba
2624 715 2817 778 rapere
2848 715 2865 738 ·

539 809 602 860 et
625 799 849 858 caricas
873 797 950 858 de
978 817 1148 860 sacra
1186 815 1413 858 mensa.
1496 795 1753 856 Postilla
1798 793 2145 856 circumibat
2189 811 2323 854 aras
2356 811 2561 852 omnes
2598 789 2814 859 ordine,

541 891 728 952 sicubi
787 889 1025 970 aliquod
1069 889 1418 968 panificium
1471 895 1633 949 esset
1686 887 1985 948 relictum:
2040 885 2253 946 deinde
2307 885 2439 946 haec
2492 901 2655 944 sacro
2704 882 2815 942 ritu

537 983 836 1044 condebat
862 984 917 1043 in
951 982 1252 1044 sacculum
1279 981 1557 1062 aliquem.
1642 982 1773 1061 Ego
1810 991 2008 1040 autem
2046 980 2389 1040 existimans
2425 978 2550 1058 jam
2588 977 2813 1035 omnino

537 1077 629 1138 fas
657 1096 788 1138 esse
816 1077 960 1137 talia
984 1077 1198 1148 facere,
1220 1075 1296 1136 ad
1326 1074 1504 1134 ollam
1532 1074 1693 1134 illam
1718 1073 1899 1154 pultis
1926 1073 2136 1152 erigor.
2186 1072 2367 1132 Mur..
2400 1068 2813 1130 Scelestissime

537 1169 876 1230 hominum!
926 1187 1043 1228 non
1089 1169 1379 1252 verebaris
1420 1165 1661 1228 Deum?
1744 1168 1910 1227 Cau.
1956 1166 2143 1225 Immo
2189 1164 2461 1245 equidem
2505 1160 2714 1233 hercle,
2744 1181 2817 1220 ne

535 1264 699 1344 prius
727 1263 805 1324 ad
835 1263 1014 1323 ollam
1042 1262 1354 1322 accederet
1374 1280 1507 1321 cum
1538 1261 1659 1320 suis
1690 1259 1965 1320 corollis:
2022 1277 2158 1319 nam
2202 1255 2479 1317 sacerdos
2522 1256 2646 1336 ejus
2666 1252 2819 1313 -mihi

537 1360 895 1421 documento
920 1359 1130 1418 fuerat.
1195 1357 1450 1418 Anicula
1479 1375 1641 1429 vero,
1662 1375 1841 1436 quum
1862 1356 1987 1436 jam
2018 1355 2323 1434 strepitum
2350 1373 2541 1414 meum
2566 1351 2819 1422 sentiret,

539 1472 714 1513 manu
747 1452 922 1512 ollam
955 1450 1294 1510 subtrahere
1323 1461 1541 1510 conata
1578 1460 1712 1509 est:
1768 1467 1884 1528 ego
1915 1457 2132 1521 autem,
2164 1447 2336 1508 sibilo
2378 1445 2562 1517 edito,
2612 1443 2821 1504 mordi-

535 1563 644 1606 cus
673 1563 802 1605 eam
831 1543 1080 1622 adripui,
1107 1562 1225 1603 non
1252 1561 1426 1603 secus
1474 1561 1547 1603 ac
1594 1543 1645 1602 si
1690 1559 1901 1621 pareas
1955 1540 2166 1621 anguis
2213 1540 2489 1600 fuissem:
2546 1536 2647 1598 illa
2682 1555 2819 1596 vero

537 1637 834 1717 extemplo
871 1655 1110 1696 manum
1160 1636 1420 1708 retraxit,
1459 1636 1767 1716 jacuitque
1794 1634 2013 1713 quiete,
2061 1633 2339 1714 stragulis
2384 1631 2663 1704 involuta,
2704 1650 2823 1710 praa

537 1740 700 1790 metu
723 1729 942 1789 visiens
985 1729 1252 1789 acerbius
1303 1727 1576 1789 mustela.
1661 1729 1742 1787 At
1777 1745 1889 1807 ego
1936 1736 2077 1787 tunc
2121 1728 2335 1787 bonam
2379 1735 2605 1807 partem
2644 1723 2824 1802 pultis

541 1822 851 1883 absorbui:
912 1832 1051 1900 post
1096 1821 1370 1902 impletus
1428 1820 1708 1900 requievi.
1790 1820 1973 1880 Mun.
2018 1819 2183 1880 Deus
2230 1839 2369 1880 vero
2419 1817 2498 1878 ad
2550 1835 2657 1878 vos
2706 1833 2825 1874 non

539 1913 893 1975 accederat?
992 1914 1158 1974 Cart.
1221 1911 1526 1973 Nondum.
1630 1912 1911 1973 Posthoec
1958 1913 2137 1971 etiam
2192 1911 2508 1973 ridiculum
2547 1905 2829 1989 quiddam

539 2007 690 2067 feci:
749 2025 888 2064 nam
917 2003 1240 2066 accedente
1263 2005 1395 2083 ipso
1416 2004 1790 2064 vehementer
1820 2002 2138 2062 admodum
2160 2003 2409 2084 pepedi:
2458 2020 2593 2060 nam
2626 2009 2831 2060 venter

539 2111 707 2159 meus
733 2097 972 2157 inflatus
1015 2105 1161 2156 erat.
1246 2096 1429 2156 Μυι..
1473 2097 1691 2155 Mirum
1740 2095 1800 2153 ni
1846 2093 1931 2153 illi
1976 2112 2260 2154 nauseam
2302 2094 2572 2154 moveris.
2652 2093 2827 2152 Can.

540 2192 820 2252 Minime:
873 2210 1070 2251 verum
1111 2191 1246 2249 Iaso
1285 2189 1585 2268 quaedam,
1627 2207 1763 2267 quoe
1804 2187 1997 2266 ipsum
2040 2188 2418 2268 sequebatur,
2456 2185 2719 2246 erubuit:
2768 2195 2834 2245 et

541 2283 818 2360 Panacea
841 2303 970 2344 sese
999 2283 1224 2354 avertit,
1255 2281 1494 2340 naribus
1526 2280 1918 2359 compressis:
1968 2297 2103 2340 nam
2150 2278 2288 2338 thus
2328 2298 2441 2359 ego
2490 2297 2607 2339 non
2650 2277 2831 2359 pedo·

539 2377 722 2438 Mur..
768 2377 904 2456 Ipse
955 2387 1152 2435 autem
1211 2373 1420 2434 Deus?
1529 2373 1698 2433 Can.
1742 2373 1835 2434 Ne
1890 2371 1950 2432 id
2016 2371 2256 2452 quidem
2321 2371 2519 2432 hercle
2584 2373 2835 2433 curavit.

539 2471 722 2531 Mur..
759 2471 976 2549 Utique
1017 2469 1366 2529 inurbanum
1408 2466 1571 2526 hunc
1611 2464 1786 2527 deum
1828 2485 1961 2526 esse
2006 2465 2175 2526 dicis.
2262 2465 2430 2526 Can.
2474 2463 2835 2544 Neutiquam

536 2564 770 2626 hercle:
815 2562 921 2624 sed
971 2561 1385 2623 merdivorum.
1469 2559 1647 2620 Mun.
1679 2559 1832 2618 Hem
1880 2558 2115 2618 scelus!
2198 2559 2368 2619 Can..
2396 2557 2544 2618 Post
2590 2557 2693 2618 illa
2734 2578 2837 2617 me

539 2658 668 2738 ipse
694 2657 868 2718 etiam
913 2656 1210 2734 extemplo
1250 2653 1527 2734 cooperui
1572 2653 1821 2713 timens:
1878 2651 1978 2710 ille
2005 2662 2203 2711 autem
2247 2651 2365 2711 ivit·
2390 2651 2611 2711 circum
2652 2648 2837 2722 circa,

537 2752 772 2812 morbos
834 2749 1152 2828 inspiciens
1213 2766 1416 2807 omnes
1487 2755 1648 2806 recte
1703 2743 2023 2805 admodum
2076 2756 2253 2825 atque
2300 2743 2544 2805 ordine:
2616 2743 2841 2804 deinde

537 2863 686 2926 puer
725 2844 778 2902 ei
840 2841 1139 2922 lapideum
1208 2838 1609 2900 mortariolum
1672 2838 1969 2917 adposuit,
2025 2850 2087 2897 et
2149 2837 2454 2918 pistillum,
2498 2847 2558 2897 et
2618 2856 2841 2918 capsu-

537 2937 677 2996 lam.
761 2936 942 2996 Mur„
1009 2932 1376 3014 Lapideam?
1484 2931 1654 2992 Cn.
1719 2932 1856 2991 Non
1916 2931 2112 2991 hercle
2172 2931 2432 3012 inquam,
2482 2949 2599 2991 non
2644 2929 2840 3010 ipsam

535 3027 861 3107 capsulam.
945 3026 1122 3086 Mur..
1166 3026 1247 3085 At
1293 3044 1430 3087 vero
1491 3044 1612 3104 quo
1661 3023 1837 3085 modo
1889 3022 2155 3098 videbas,
2222 3043 2259 3085 0
2318 3023 2691 3096 tervenefice,
2732 3023 2839 3104 qui

539 3130 598 3180 te
651 3132 994 3198 coopertum
1050 3118 1232 3178 fuisse
1287 3118 1484 3178 dicis?
1569 3119 1739 3178 Can.
1794 3116 1909 3177 Per
1958 3116 2307 3196 palliolum:
2364 3117 2463 3196 pol
2492 3116 2649 3176 enim
2678 3117 2838 3176 fora-

541 3211 702 3272 mina
722 3212 980 3271 habebat
1006 3231 1124 3270 non
1154 3230 1366 3290 pauca.
1448 3211 1646 3271 Primo
1687 3211 1885 3289 itaque
1920 3210 2192 3270 Neoclidi
2222 3209 2717 3270 medicamentum
2760 3207 2843 3267 ad

539 3305 888 3366 illinendum
917 3304 1094 3383 coepit
1122 3315 1330 3376 terere,
1357 3303 1587 3383 injectis
1612 3303 1880 3364 alliorum
1902 3304 2215 3363 'seniorum
2268 3302 2454 3364 tribus
2496 3301 2801 3382 capitibus
2827 3320 2846 3360 :

539 3398 754 3458 deinde
791 3396 1060 3458 contudit
1102 3396 1206 3456 illa
1247 3398 1304 3455 in
1349 3398 1645 3470 mortario,
1690 3397 2025 3458 admiscens
2068 3396 2286 3476 gummi
2324 3406 2383 3456 et
2423 3394 2695 3457 scillam:
2748 3393 2849 3454 his

537 3491 754 3552 deinde
783 3499 953 3551 aceto
979 3489 1232 3570 perfusis
1263 3490 1556 3569 Sphettio,
1580 3491 1799 3551 oblevit
1827 3491 1878 3550 ei
1903 3491 2221 3572 palpebras
2250 3501 2581 3549 exn-orsum
2608 3506 2852 3560 versas,

537 3596 602 3645 ut
629 3585 988 3646 cruciaretur
1017 3584 1231 3663 magis.
1309 3585 1386 3642 At
1427 3582 1526 3644 ille
1576 3584 1907 3645 vociferans
1957 3595 2135 3663 atque
2192 3583 2457 3643 clamans
2484 3583 2643 3662 fugit
2670 3580 2857 3641 exili-

539 3695 686 3738 ens:
753 3679 878 3758 ipse
925 3687 1119 3736 autem
1152 3677 1317 3736 Deus
1347 3676 1547 3736 ridens
1579 3675 1763 3738 dixit:
1829 3677 2097 3756 Hicjaerm
2122 3677 2253 3738 sede
2277 3676 2557 3756 perlitus,
2584 3685 2661 3736 ut
2716 3693 2858 3734 mea

537 3789 714 3849 opera
779 3771 1014 3831 desinas
1079 3771 1356 3830 interesse
1413 3771 1700 3843 concioni,
1748 3773 2054 3851 possisque
2108 3790 2229 3830 eam
2298 3774 2549 3849 φιτ-ατε.
2650 3769 2858 3828 Mun.

539 3864 731 3931 Quam
761 3883 965 3922 amans
993 3861 1332 3941 reipublicoe
1367 3873 1461 3922 est
1505 3862 1605 3923 ille
1649 3864 1814 3924 Deus
1860 3873 1923 3923 et
1968 3863 2243 3945 sapiens!
2328 3863 2495 3922 Cas.
2543 3861 2861 3920 Posthinc

537 3956 715 4018 Pluto
770 3953 1040 4024 adsedit:
1097 3967 1158 4014 et
1211 3955 1400 4035 primo
1454 3956 1694 4035 quidem
1744 3968 1927 4036 caput
1980 3957 2354 4017 attrectavit:
2411 3954 2631 4015 deinde
2690 3973 2867 4033 puro

449 4033 460 4054 ⁰
537 4049 774 4110 sudario
818 4057 1034 4123 sumto,
1083 4048 1397 4128 palpebras
1441 4050 1979 4109 circumabstersit:
2028 4049 2307 4110 Panacea
2355 4067 2492 4108 vero
2536 4048 2873 4108 obvelavit

533 4143 588 4202 ei
615 4155 795 4223 caput
817 4161 1107 4221 purpureo
1128 4141 1455 4214 involucro,
1479 4152 1541 4202 et
1569 4143 1777 4202 faciem
1810 4152 2033 4201 totam:
2082 4141 2299 4202 deinde
2351 4141 2517 4200 Deus
2556 4138 2875 4213 sibilavit,

535 4246 714 4316 atque
741 4232 1136 4313 prosiluerunt
1155 4234 1312 4295 illico
1335 4255 1368 4295 e
1391 4234 1639 4295 delubro
1668 4245 1971 4313 serpentes
1995 4235 2115 4296 duo
2138 4234 2373 4294 immani
2402 4233 2877 4318 magnitudine.

535 4329 720 4389 Μυι.
783 4326 879 4385 Dii
923 4327 1098 4386 boni!
1203 4329 1370 4389 Can..
1417 4328 1524 4388 Isti
1582 4340 1777 4388 autem
1832 4329 2409 4409 tacite-purpureum
2464 4325 2881 4386 involucrum

534 4423 876 4490 subeuntes,
904 4420 1217 4498 palpebras
1248 4422 1831 4490 circumlambebant‚
1860 4433 1928 4482 ut
1956 4422 2097 4482 mihi
2125 4422 2363 4502 quidem
2392 4419 2727 4480 videbatur
2751 4441 2773 4486 ;
2812 4433 2887 4478 et

531 4513 872 4594 priusquam
901 4522 964 4571 tu
995 4511 1262 4572 heminas
1295 4515 1411 4574 vini
1441 4515 1647 4577 decem
1674 4515 1958 4589 ebiberes,
1984 4513 2223 4589 Plutus,
2241 4515 2379 4577 hera
2400 4532 2555 4587 mea,
2588 4513 2893 4590 surrexit
