3059 5059
298 379 571 462 εει-89]
1314 373 1596 437 AvES.
1637 391 1642 396 ·
1695 461 1708 474 .
2109 413 2126 436 ,
2491 384 2606 443 11⁹

292 513 445 574 civis
472 533 595 574 non
616 512 717 586 sit,
743 511 801 570 vi
830 525 965 572 sese
992 507 1289 570 intrudit:
1339 525 1453 568 nos
1494 513 1697 567 autem
1741 507 1895 567 tribu
1941 517 2006 568 et
2053 527 2269 589 genere
2317 509 2608 592 insignes,

291 608 457 668 cives
484 625 623 668 cum
642 604 897 676 civibus,
918 602 1155 663 nemine
1184 602 1466 683 pellente,
1496 599 1862 661 evolavimus
1889 620 1924 662 e
1963 603 2155 681 patria
2195 605 2460 685 utrisque
2499 625 2610 685 pe-

294 698 517 768 dibns;
576 717 697 760 non
725 698 917 779 ipsam
965 695 1209 776 quidem
1256 695 1421 754 illam
1468 692 1610 754 odio
1657 692 1949 756 babentes
1991 697 2218 769 urbem,
2266 699 2440 779 quasi
2485 719 2610 761 non

290 811 519 873 magna
550 792 631 852 sit
655 811 793 852 vere
814 802 877 851 et
895 791 1219 862 fortunata,
1247 789 1650 867 omnibusque
1675 788 2010 848 communis
2053 788 2392 851 habentium
2437 791 2497 851 in
2537 812 2613 854 ea

295 887 507 949 litibus
536 885 875 968 perdituris.
958 883 1277 944 Enimvero
1302 881 1532 943 cioadae
1553 899 1742 940 unum
1769 899 2057 955 mensem,
2083 893 2185 943 aut
2207 883 2384 956 duos,
2411 885 2472 944 in
2515 903 2612 946 ar-

290 981 509 1044 ,borum
537 988 787 1040 cantant
814 977 1029 1046 ramis;
1078 987 1141 1037 at
1179 975 1576 1037 Athenienses
1613 993 1846 1060 semper
1874 975 2116 1055 judiciis
2158 977 2318 1037 affixi
2353 967 2611 1040 ‘cantant

294 1092 537 1134 omnem
560 1075 762 1134 vitam.
825 1071 1149 1150 Propterea
1174 1069 1331 1130 hane
1351 1068 1507 1129 viam
1533 1067 1920 1147 ingredimur,
1943 1069 2388 1152 canistrumque
2418 1073 2612 1133 feren-

292 1177 411 1236 tes,
436 1178 499 1226 et
520 1166 725 1239 ollam,
752 1163 1225 1246 myrrhinasque,
1254 1181 1544 1234 erramus,
1573 1159 1770 1220 locum
1801 1159 2230 1242 investigantes
2251 1165 2454 1244 negoti
2483 1183 2612 1226 mo-
2707 1219 2720 1230 ,

293 1257 611 1340 lestiaeque
640 1277 917 1330 vacnum,
948 1258 1048 1317 ubi
1077 1267 1424 1338 perpetuam
1454 1253 1658 1315 sedem
1685 1254 1962 1335 figamus.
2047 1255 2167 1318 Iter
2208 1269 2406 1318 autem
2433 1259 2614 1319 utris-

294 1373 413 1433 que
443 1353 619 1414 nobis
648 1363 745 1413 est
778 1350 856 1412 ad
898 1351 1150 1412 Tereum
1191 1351 1479 1430 Epopem,
1522 1357 1728 1428 utpote
1772 1366 1809 1407 a
1849 1367 1970 1428 quo
2012 1349 2300 1410 sciscitari
2343 1367 2611 1424 avemus,

294 1449 491 1508 sicubi
520 1447 703 1508 talem
733 1444 947 1506 viderit
984 1445 1187 1505 urbem
1230 1443 1303 1504 iis
1346 1444 1407 1504 in
1449 1441 1600 1502 locis
1643 1441 1720 1501 ad
1765 1461 1900 1520 que
1942 1441 2288 1522 pervolavit.
2377 1443 2613 1505 Prsm.

300 1541 470 1601 Reus
500 1550 586 1600 tu.
672 1541 881 1600 Eum„
911 1538 1071 1608 Quid
1098 1535 1235 1598 est?
1279 1537 1511 1597 Pis-ru.
1541 1534 1911 1596 Jamdudum
1937 1534 2079 1595 mihi
2107 1537 2336 1611 cornix,
2373 1557 2611 1599 sursum

294 1643 365 1694 ut
390 1631 736 1704 tendamuS,
764 1630 1051 1712 quiddam
1094 1630 1415 1709 sig-nificat.
1502 1629 1708 1689 Eum..
1753 1627 1870 1690 Hie
1909 1627 2112 1690 itidem
2157 1631 2438 1710 graculus
2479 1651 2612 1692 sur-

296 1747 433 1786 sum
460 1727 637 1786 hians
677 1735 931 1805 spectat,
986 1725 1161 1804 quasi
1208 1722 1433 1805 aliquid
1486 1723 1630 1782 mihi
1679 1734 2075 1783 monstraret:
2117 1741 2314 1803 neque
2369 1726 2612 1785 omnino

294 1819 421 1880 fieri
444 1830 663 1899 potest,
694 1820 839 1898 quin
871 1817 969 1879 hic
1000 1819 1121 1878 sint
1144 1836 1309 1878 aves.
1392 1817 1530 1876 Jam
1561 1814 1866 1886 scibimus,
1893 1816 1994 1876 ubi
2015 1815 2276 1878 sonitum
2319 1817 2612 1898 pultando

296 1914 634 1972 fecerimus·
724 1913 956 1972 Prsur.
990 1911 1153 1969 Scin'
1176 1929 1314 1969 vero
1344 1910 1489 1987 quid
1519 1907 1754 1968 facias?
1802 1926 1972 1967 crure
2001 1919 2106 1970 tuo
2149 1909 2320 1989 pulta
2359 1923 2610 1991 petram.

300 2005 512 2067 Eunt.
544 2007 627 2064 At
654 2017 719 2064 tu
760 2003 979 2082 capite,
1024 2003 1130 2076 sis,
1170 2001 1395 2083 duplex
1436 2014 1503 2061 ut
1546 2001 1844 2061 exoriatur
1886 2020 2090 2062 sonus.
2175 2003 2404 2065 Pmu.
2451 2005 2612 2085 Ergo

292 2101 498 2178 itaque
530 2109 724 2158 sumto
752 2096 951 2178 lapide
980 2096 1169 2176 pulta.
1255 2095 1465 2156 Eum..
1498 2094 1736 2174 Utique,
1764 2093 2058 2173 siquidem
2098 2095 2352 2158 videtur.
2433 2098 2613 2172 Puer,

300 2193 453 2253 heus
482 2212 654 2274 puer.
739 2190 972 2251 Prsrn.
1000 2189 1163 2258 Quid
1194 2198 1257 2249 tu
1288 2183 1473 2248 mihi?
1532 2188 1798 2268 Epopem
1829 2199 2208 2262 evocatur-us,
2240 2192 2412 2252 Puer
2439 2191 2611 2252 dicis.

306 2285 526 2346 Nonne
556 2286 683 2345 vice
704 2286 885 2364 pueri
914 2282 1167 2344 decebat
1190 2282 1429 2362 Epopon·
1469 2279 1836 2342 inclamare?
1879 2281 2087 2343 Eum..
2133 2284 2384 2364 Epopoi.
2467 2287 2613 2346 Effi-

300 2382 503 2440 ciesne
534 2392 599 2438 ut
628 2377 847 2457 pultem
880 2374 1123 2437 denuo?
1176 2376 1427 2456 Epopoi.
1510 2375 1764 2437 Taocn.
1796 2375 2054 2445 Quinam
2079 2377 2188 2436 hi?
2244 2379 2378 2458 quis
2423 2380 2612 2441 incla-

300 2484 428 2533 mat
468 2469 727 2530 herum‘?
808 2471 1014 2532 Eunt..
1056 2469 1276 2550 Apollo
1328 2471 1689 2542 Averrnnee,
1745 2469 1846 2549 qui
1891 2470 2111 2531 rictus!
2194 2473 2450 2535 Tnocn.
2501 2465 2612 2536 vm

302 2567 445 2627 mihi
476 2567 729 2626 misero!
786 2585 1049 2644 aucupes
1070 2564 1169 2624 iti
1200 2573 1361 2625 sunt.
1448 2563 1658 2624 Eunt..
1697 2561 1751 2621 Ο
1792 2564 1970 2635 bone,
2013 2564 2156 2644 quid
2197 2567 2614 2629 conturbaris?

300 2681 441 2721 nam
470 2679 579 2720 cur
596 2659 839 2719 meliora
862 2675 985 2718 non
1008 2656 1318 2738 loqueris?
1398 2657 1656 2718 Tnocn.
1703 2656 1865 2716 Male
1892 2658 2180 2736 peribitis.
2265 2661 2473 2722 Eunt..
2504 2663 2613 2723 At-

302 2757 405 2837 qui
436 2754 709 2814 homines
742 2771 858 2812 non
891 2771 1119 2812 sumus.
1200 2751 1453 2812 Tnocn.
1496 2750 1658 2820 Quid
1694 2748 1881 2829 ergo?
1962 2751 2170 2815 Eum„
2217 2753 2614 2835 Hypodedios

302 2869 416 2929 ego
446 2866 605 2919 sum,
633 2845 759 2906 avis
790 2845 1030 2926 Lybica.
1116 2845 1373 2905 Tnocn.
1398 2844 1566 2904 Nihil
1595 2843 1768 2905 dicis.
1840 2843 2048 2904 Eum..
2080 2846 2161 2906 At
2185 2849 2338 2908 enim
2362 2849 2614 2910 interro-

298 2963 380 3019 ga
408 2941 599 3021 pedes
620 2949 880 3000 nostros.
964 2938 1219 2999 Taocn.
1260 2938 1445 2998 Hicce
1495 2957 1634 2998 vero
1682 2937 1818 3017 quis
1865 2948 1962 2996 est
2007 2939 2181 3000 ales?
2230 2941 2375 3021 quin
2419 2941 2614 3004 dicis?

304 3035 545 3096 Pus-ru.
590 3029 1002 3112 Epicechodos
1032 3032 1307 3113 equidem
1333 3030 1777 3092 Phrasianicus.
1843 3029 2054 3092 Eunt..
2083 3036 2167 3093 At
2193 3045 2279 3107 tu,
2306 3033 2450 3115 quid
2479 3045 2614 3096 tan·

304 3127 441 3190 dem
466 3126 745 3188 animalis
772 3145 861 3199 es,
904 3125 1196 3186 obsecro?
1276 3125 1534 3186 Tnocn.
1579 3124 1722 3184 Ales
1763 3123 2042 3202 equidem
2087 3147 2315 3188 servus.
2401 3129 2611 3190 Eun.

306 3222 469 3282 Num
496 3222 575 3282 ab
604 3220 805 3299 aliquo
832 3229 1148 3298 superatus
1174 3237 1241 3278 es
1270 3217 1473 3298 gallo?
1554 3220 1809 3281 Tnocrr.
1857 3219 2125 3280 Minime.
2209 3220 2330 3281 Sed
2369 3221 2614 3303 quando

302 3314 485 3376 herus
518 3332 687 3374 meus
718 3314 775 3372 in
800 3331 1050 3394 epopem
1078 3323 1173 3370 est
1200 3331 1548 3386 conversus,
1591 3323 1734 3374 tunc
1773 3316 1898 3376 fleri
1947 3333 2040 3374 me
2089 3333 2329 3394 quoque
2385 3316 2616 3395 optavit

302 3409 530 3480 alitem,
554 3420 625 3468 ut
652 3427 690 3467 a
714 3407 971 3488 pedibus
1000 3427 1094 3468 me
1118 3405 1365 3466 haberet
1386 3416 1447 3465 et
1466 3406 1818 3469 ministrum.
1903 3409 2111 3468 Eum„
2162 3408 2254 3467 An
2299 3408 2476 3488 igitur
2516 3409 2613 3469 avi

302 3503 484 3562 etiam
506 3519 655 3561 usus
678 3512 773 3562 est
798 3499 1071 3560 ministro
1100 3497 1343 3579 aliquoi
1424 3500 1680 3559 Tnocn.
1713 3501 1828 3562 Hic
1857 3503 2120 3582 quidem,
2149 3503 2381 3582 opinor,
2407 3511 2614 3584 utpote

304 3597 405 3676 qui
434 3593 691 3654 antehac
720 3595 899 3654 homo
928 3593 1105 3654 fuerit
1150 3593 1312 3663 olim,
1358 3611 1519 3653 nunc
1571 3594 1811 3674 quidem
1851 3595 2164 3656 comedere
2216 3596 2382 3676 cupit
2425 3615 2612 3677 apuas

305 3689 691 3750 Phalericas:
741 3706 876 3767 ego,
906 3697 1103 3746 sumta
1127 3685 1323 3758 trulla,
1352 3686 1430 3747 ad
1460 3705 1650 3766 apuas
1678 3708 1887 3751 curro:
1944 3709 2103 3749 nune
2145 3701 2343 3750 autem
2387 3689 2612 3768 pultem

304 3781 648 3852 desiderat3
706 3778 976 3840 tudiculn
1004 3799 1155 3860 opus
1198 3793 1291 3840 est
1336 3791 1396 3839 et
1444 3780 1604 3849 ollaz
1657 3782 1982 3844 tudiculam
2024 3784 2371 3844 arcessitum
2420 3802 2612 3844 curro.

310 3875 520 3936 Eunt.
554 3873 867 3934 Trochilus
914 3871 1041 3933 ales
1088 3873 1201 3933 iste
1247 3885 1359 3934 est.
1444 3875 1606 3934 Scin’
1661 3895 1805 3955 ergo
1853 3877 1996 3957 quid
2047 3877 2255 3947 facias,
2297 3875 2615 3937 Trochile?

305 3968 513 4029 herum
572 3966 745 4027 nobis
786 3985 959 4029 voca.
1037 3965 1291 4028 Tnocu.
1335 3967 1519 4050 Atqui
1559 3969 1760 4030 hercle
1803 3970 1981 4031 modo
2033 3968 2404 4043 obdormivit,
2449 3979 2613 4049 post-

310 4081 491 4142 quam
546 4060 809 4121 comedit
861 4061 1033 4140 myrti
1080 4062 1317 4133 baccas,
1362 4074 1425 4122 et
1469 4081 1696 4122 vermes
1748 4063 1994 4144 aliquot.
2081 4063 2286 4123 Eut-21„
2334 4062 2611 4124 Attamen

311 4155 475 4215 illum
523 4155 740 4216 excita.
825 4155 1075 4215 Tnocn.
1108 4155 1399 4235 Equidem
1442 4155 1669 4235 liquide
1718 4157 1842 4217 scio
1892 4157 2055 4217 illum
2099 4157 2212 4217 hoc
2255 4176 2414 4236 aegre
2459 4149 2612 4220 latu-

312 4269 483 4310 rum:
536 4249 719 4308 vestri
772 4258 967 4308 tamen
1014 4250 1203 4328 gratia
1242 4247 1405 4310 illurn
1449 4250 1945 4331 expergefaciam.
2028 4249 2260 4311 Prsrn.
2309 4249 2468 4310 Male
2511 4269 2617 4329 pe-

318 4361 492 4402 reas:
542 4343 629 4401 ita
672 4361 763 4401 me
814 4341 1087 4402 occidisti
1138 4352 1321 4405 metu.
1407 4342 1614 4404 Eum..
1663 4343 1718 4402 Ο
1773 4363 1868 4403 me
1917 4344 2382 4405 infortunatum!
2436 4344 2615 4402 etiam

314 4435 597 4515 graculus
624 4433 769 4493 mihi
796 4434 1057 4495 evolavit
1097 4455 1221 4516 proe
1264 4445 1445 4498 metu.
1530 4436 1765 4498 Pru-n.
1807 4438 1862 4495 Ο
1905 4447 1968 4497 tu
2011 4435 2447 4498 timidissimum
2489 4435 2618 4494 ani-

318 4529 457 4600 mal,
484 4541 711 4609 pavens
742 4528 991 4590 amisisti
1022 4528 1374 4610 graculum?
1458 4531 1670 4593 Eunt..
1699 4531 1812 4592 Dic
1841 4531 2002 4604 mihi,
2035 4547 2266 4610 queso,
2307 4545 2508 4588 nonne
2549 4537 2616 4588 tu
