3059 5059
343 374 694 450 sss-⁴29]
1348 371 1402 432 N
1431 373 1480 430 u
1501 371 1551 432 B
1576 373 1707 434 Es.
2574 374 2655 432 ει

337 501 634 610 fragorem
661 501 841 564 edere
871 513 1108 582 propter
1138 502 1494 564 densitatem
1520 502 1547 560 ’ἰ
1630 503 1909 564 Srattrs.
1950 502 2106 582 Age,
2132 516 2255 582 qua
2282 504 2509 564 ratione
2536 502 2656 564 hoc

336 583 564 675 possim
589 594 882 658 credere?
963 599 1110 658 Soc.
1153 597 1208 656 A
1237 607 1296 656 te
1325 597 1480 675 ipso,
1511 605 1574 656 ut
1618 609 1677 658 te
1720 595 1973 658 docebo.
2016 595 2417 676 Nunquamne
2460 595 2659 658 Pana-

335 687 592 750 thenoeis
621 689 728 750 tibi
755 689 1026 768 contigit,
1053 699 1122 748 ut
1155 701 1214 750 te
1257 689 1625 769 implesses
1601 709 1758 769 Jure,
1800 699 2128 769 posteaque
2170 688 2275 748 tibi
2320 690 2657 750 turbaretur

334 791 562 853 venter,
591 781 762 860 isque
789 801 1122 843 concussus
1151 781 1348 842 subito
1376 782 1687 861 strepitum
1714 781 1892 844 edere
1932 778 2289 861 cogeretur?
2372 782 2661 844 Srnsrs..

335 871 431 934 Ita
457 873 794 936 mehercle:
835 887 896 934 et
924 874 1167 954 quidem
1195 874 1396 936 statim
1427 873 1637 954 incipit
1664 893 1759 935 me
1788 873 2041 954 pessime
2076 874 2315 944 habere,
2350 884 2413 932 et
2454 875 2656 935 turba-

333 975 464 1038 tur:
507 977 570 1026 et
591 965 894 1045 jusculum
936 966 1095 1028 sicut
1135 968 1354 1028 tonitru
1397 968 1631 1048 strepit,
1668 979 1729 1028 et
1772 965 2133 1030 horrendum
2172 965 2385 1044 mugit,
2426 967 2651 1026 sensim

331 1057 586 1140 primum
623 1079 792 1139 pax,-
831 1059 1050 1120 deinde
1079 1061 1390 1140 subjungit
1431 1079 1682 1141 papa,-
1734 1079 1871 1122 mox
1905 1059 2143 1139 demum
2183 1077 2551 1140 papappam
2588 1069 2655 1118 et

330 1151 578 1231 quando
605 1171 775 1224 caco,
809 1152 985 1238 plane
1014 1165 1184 1214 tonat
1223 1171 1653 1234 papapappaae,
1704 1152 1861 1214 sicut
1906 1152 2047 1212 illm.
2133 1151 2279 1211 Soc.
2322 1149 2654 1210 Considera

327 1243 530 1324 igitur,
561 1263 594 1304 e
624 1243 858 1306 tantillo
911 1247 1112 1306 ventre
1161 1265 1340 1325 quam
1389 1245 1769 1308 vehementer
1814 1241 2165 1328 pepederis·
2210 1245 2404 1304 aerem
2450 1252 2651 1305 autem

327 1336 535 1396 hune
517 1355 872 1398 immensum
899 1338 1204 1442 quomodo
1233 1359 1350 1399 non
1379 1337 1699 1400 verisimile
1728 1349 1823 1400 est
1849 1356 2069 1416 magno
2098 1335 2346 1415 strepitu
2396 1347 2601 1396 tonare
2625 1334 2651 1392 ‘l

333 1428 490 1490 Hinc
518 1448 662 1508 ergo
690 1441 754 1490 et
779 1449 1022 1492 nomina
1042 1429 1160 1490 ista
1184 1430 1535 1505 BPONTH,
1576 1431 1853 1492 ΠΟΡΔΗ
1906 1440 2049 1490 sunt
2096 1427 2312 1490 similia
2356 1427 2509 1488 inter
2558 1447 2648 1488 se.

325 1522 606 1584 S‘raars.
635 1521 756 1584 Sed
786 1523 1008 1584 fulmen
1034 1523 1330 1585 undenam
1362 1525 1559 1586 venire
1587 1523 1799 1605 possit,
1829 1523 1951 1602 igni
1994 1521 2369 1584 coruscans?
2411 1521 2527 1582 boc
2554 1539 2649 1582 me

323 1615 514 1686 doce3
557 1627 622 1677 et
648 1616 952 1678 torrefacit
981 1637 1092 1680 nos
1121 1617 1359 1690 feriens,
1390 1617 1545 1680 alios
1578 1617 1742 1678 vivos
1784 1615 2058 1676 amburit.
2122 1614 2257 1676 Hoc
2284 1615 2439 1676 enim
2470 1613 2645 1692 Jupi-

327 1717 416 1770 ter
435 1709 758 1770 manifesto
775 1709 1120 1789 jaculatur
1105 1730 1164 1770 tn
1207 1708 1497 1790 perjuros.
1582 1709 1725 1770 Soc.
1770 1708 1848 1768 Et
1896 1707 2221 1788 quomodo,
2270 1725 2311 1766 o
2358 1705 2545 1777 fatue,
2584 1715 2651 1766 et

325 1799 568 1861 Saturni
618 1811 888 1882 tempora
913 1801 1210 1874 redolens,
1239 1813 1302 1862 et
1340 1800 1579 1862 fabellis
1628 1801 1886 1862 anilibus
1938 1801 2240 1871 innutrite,
2284 1799 2335 1859 si
2378 1798 2647 1878 perjuros

323 1892 480 1966 ferit,
505 1895 828 1972 quomodo,
857 1896 1121 1976 inquam,
1149 1896 1448 1958 Simonem
1481 1913 1600 1956 non
1630 1893 1981 1964 combussit,
2004 1912 2201 1972 neque
2225 1891 2645 1972 Cleonymum,

321 2005 520 2065 neque
548 1985 890 2048 Theoi-um?
931 1999 1074 2050 sunt
1099 2000 1294 2050 tamen
1327 1988 1426 2049 isti
1471 1987 1645 2048 valde
1690 1985 1925 2066 perjuri.
1970 1984 2093 2046 Sed
2126 1983 2429 2065 jaculatur
2472 2001 2650 2047 suum

319 2077 510 2157 ipsius
539 2079 844 2158 templum,
871 2091 934 2140 et
957 2080 1208 2141 Sunium
1237 2081 1700 2160 promontorium
1752 2079 1993 2152 Atticm,
2034 2088 2099 2139 et
2144 2079 2423 2158 proceras
2470 2095 2645 2156 quer·

319 2191 450 2232 cus.
493 2170 772 2241 Quanam
801 2191 874 2232 ex
901 2173 1131 2234 causa?
1173 2193 1292 2234 non
1323 2174 1482 2234 enim
1509 2191 1767 2252 quercus
1790 2173 2001 2252 utique
2038 2170 2282 2251 pejerat.
2366 2173 2641 2234 Sraars.

321 2263 584 2327 Nescio:
627 2277 786 2327 recte
827 2276 1026 2328 tamen
1073 2279 1378 2328 autumare
1427 2265 1571 2326 mihi
1615 2263 1849 2326 videris.
1912 2265 1995 2325 At
2034 2283 2172 2324 vero
2220 2262 2385 2344 quid,
2414 2284 2645 2344 quoeso,

319 2368 414 2418 est
442 2356 712 2418 fulmen?
793 2359 940 2420 Soc.
984 2359 1246 2429 Quando
1276 2367 1486 2420 ventus
1542 2358 1745 2432 aridus
1795 2376 2031 2418 sursum
2076 2355 2347 2418 sublatus
2399 2357 2461 2417 in
2508 2357 2642 2418 istis

319 2449 590 2512 inclusus
619 2451 818 2525 fuerit,
838 2452 1002 2514 intus
1027 2471 1133 2514 eas
1167 2452 1356 2526 inflat,
1405 2465 1693 2532 tanquam
1746 2451 2045 2512 vesicam:
2090 2450 2308 2510 deinde
2350 2451 2459 2510 ubi
2504 2469 2644 2513 sua-

319 2555 442 2606 met
469 2544 526 2604 vi
553 2563 657 2606 eas
686 2545 863 2625 rupit,
889 2555 1220 2608 extrorsum
1249 2546 1431 2607 fertur
1457 2545 1792 2606 concitatus
1832 2553 2070 2625 propter
2096 2541 2477 2616 densitatem,
2506 2544 2645 2606 stri-

317 2636 466 2698 dulo
505 2636 728 2720 impetu
775 2657 844 2698 se
887 2637 1082 2718 ipsum
1137 2640 1512 2700 comburens.
1598 2637 1874 2701 Srnm’s.
1920 2635 2155 2716 Edepol
2204 2636 2347 2698 mibi
2393 2655 2641 2717 prorsus

313 2729 472 2792 idem
517 2729 842 2810 aliquando
880 2731 1082 2792 evenit
1119 2730 1476 2794 Jovialibus.
1543 2730 1955 2793 ventriculum
1998 2732 2271 2810 cognatis
2316 2732 2635 2806 terrebam,

316 2841 496 2902 quem
521 2821 784 2884 incidere
815 2823 1130 2886 omiseram
1157 2823 1544 2904 imprudens:
1588 2823 1689 2884 ille
1717 2843 1857 2885 vero
1882 2823 2239 2884 inflabatur:
2282 2820 2504 2886 deinde
2546 2845 2639 2886 re·

315 2925 498 2993 pente
525 2914 758 2976 medius
785 2935 1061 2996 crepans,
1089 2918 1148 2978 in
1179 2917 1344 2997 ipsos
1371 2915 1581 2978 oeulos
1620 2916 1763 2976 mihi
1794 2917 2009 2977 fartum
2050 2913 2377 2994 eiaculatus
2421 2926 2535 2987 est,
2570 2927 2639 2978 et

315 3007 528 3068 faciem
557 3008 902 3071 combussit.
988 3010 1208 3072 Cnon.
1249 3010 1306 3069 Ο
1346 3009 1449 3089 qui
1491 3008 1843 3089 praeclaram
1883 3007 2159 3088 cupivisti
2202 3007 2555 3088 sapientiam
2597 3028 2638 3070 a

315 3099 492 3162 nobis
513 3099 724 3182 apisci,
755 3121 936 3182 quarn
966 3103 1174 3164 beatus
1194 3103 1350 3165 inter
1377 3102 1796 3175 Athenienses,
1822 3111 2175 3180 ceterosque
2206 3101 2456 3162 Groecos
2494 3103 2633 3176 eris,

318 3193 369 3254 si
391 3194 670 3255 memoria
703 3203 764 3255 et
789 3196 1052 3256 studium
1083 3195 1186 3258 tibi
1215 3216 1334 3256 non
1361 3196 1557 3268 deest,
1582 3207 1645 3256 et
1665 3213 2057 3256 aerumnarum
2084 3193 2371 3274 patientia
2393 3194 2554 3256 inest.
2572 3196 2633 3256 ia

313 3284 538 3354 eorde;
581 3306 694 3348 nec
721 3285 1068 3368 defatigatis
1093 3289 1190 3350 vel
1219 3289 1462 3362 stando,
1497 3289 1593 3349 vel
1634 3287 1871 3356 eundo:
1918 3305 2109 3368 neque
2152 3287 2339 3366 frigus
2380 3287 2634 3350 moleste

313 3379 458 3454 fers,
485 3397 683 3459 neque
709 3381 1001 3460 prandere
1024 3383 1228 3463 cupis;
1273 3381 1413 3443 vino
1441 3380 1623 3442 etiarn
1652 3381 1941 3453 abstines,
1980 3393 2044 3442 et
2083 3380 2431 3460 gymnasiis,
2474 3381 2639 3442 aliis·

314 3493 436 3552 que
460 3472 740 3554 ineptiis3
783 3485 846 3534 et
875 3474 1036 3536 istud
1066 3475 1352 3556 optimum
1381 3495 1514 3538 esse
1559 3485 1760 3556 putas,
1798 3472 1965 3554 quod
2006 3471 2249 3553 quidem
2290 3473 2505 3535 scitum
2549 3472 2637 3536 vi-

313 3584 446 3626 rum
475 3565 672 3638 decet,
694 3567 932 3628 vincere
955 3567 1226 3630 nimirum
1265 3569 1440 3630 sactis
1487 3577 1553 3628 et
1595 3568 1886 3639 consiliis,
1935 3577 1997 3627 et
2043 3567 2249 3645 lingua
2284 3567 2633 3648 pugnando.

315 3659 592 3720 Srnars.
637 3659 758 3720 Sed
785 3659 1072 3724 de-corde
1095 3659 1244 3722 duro
1273 3671 1334 3723 et
1361 3661 1699 3742 praefracto,
1724 3661 2045 3740 studioque
2073 3669 2136 3720 et
2172 3678 2318 3720 cura
2358 3677 2633 3722 somnum

313 3751 710 3820 obturbante3
737 3752 878 3814 item
905 3764 1110 3814 ventre
1135 3771 1338 3832 parco,
1373 3754 1673 3833 vitamque
1704 3753 2105 3816 discruciante
2134 3763 2199 3812 et
2228 3751 2322 3812 vel
2360 3751 2637 3833 thymbra

311 3853 623 3918 contento,
649 3864 728 3906 ne
759 3844 842 3906 sis
867 3845 1196 3908 sollicitus·
1239 3865 1376 3908 nam
1411 3867 1486 3908 eo
1534 3847 1771 3908 nomine
1817 3867 1913 3906 me
1960 3847 2223 3926 praebere
2271 3845 2519 3924 possim,
2568 3857 2640 3908 ut

311 3936 572 3998 serrum
559 3956 618 3996 tn
647 3957 744 3998 me
770 3938 1016 4000 cudant.
1101 3941 1248 4002 Soc.
1295 3940 1415 4000 Sed
1445 3939 1562 4002 hoc
1588 3941 1765 4002 etiam
1792 3939 2099 4008 confirma,
2126 3954 2185 3998 te
2219 3938 2279 3998 in
2330 3949 2635 4019 posterum

311 4030 542 4092 nullum
563 4011 900 4094 habiturum
915 4031 1092 4095 deum
1097 4043 1338 4113 ,praeter
1355 4035 1603 4095 eadem
1588 4053 1741 4112 ipsa,
1762 4053 1901 4112 quse
1922 4051 2033 4092 nos
2057 4050 2165 4110 pro
2183 4029 2298 4091 diis
2321 4030 2639 4100 habemus·

311 4123 590 4187 nimirum
613 4124 820 4186 Chaos
839 4125 976 4200 hoc,
996 4136 1059 4186 et
1075 4125 1304 4199 Nubes,
1325 4137 1388 4188 et
1409 4127 1729 4206 Linguam.
1760 4126 1891 4186 hoec
1914 4125 2027 4185 tria
2044 4143 2311 4204 inquam
2353 4124 2633 4186 Srans.

315 4215 444 4280 Nec
467 4235 710 4296 prorsus
739 4218 1090 4298 adloquerer
1119 4219 1292 4291 alios,
1321 4219 1371 4280 si
1393 4219 1484 4282 vel
1511 4220 1723 4280 obvius
1746 4219 1833 4280 eis
1856 4219 2085 4280 flerem·
2072 4261 2086 4277 .
2112 4235 2307 4296 neque
2332 4216 2631 4278 sacrifica-

311 4329 458 4382 rem,
483 4329 682 4390 neque
699 4310 964 4386 libarem,
989 4331 1184 4391 neque
1208 4301 1344 4374 thus
1367 4312 1689 4374 adolerent.
1733 4312 1953 4372 Cnon..
1978 4309 2155 4371 Nunc
2178 4308 2379 4389 itaque
2400 4309 2499 4370 dic
2518 4327 2631 4369 no-

311 4401 402 4462 bis
427 4401 718 4464 audacter
735 4403 1020 4485 quidnam
1046 4405 1150 4465 tibi
1171 4405 1500 4478 faciamus:
1534 4425 1669 4464 nam
1696 4407 1915 4466 frustra
1935 4422 2053 4464 non
2076 4403 2216 4474 eris,
2232 4402 2283 4462 si
2306 4421 2416 4462 nos
2438 4401 2629 4474 colas,

310 4504 374 4570 et
397 4495 732 4573 admireris,
761 4507 824 4560 et
853 4497 1099 4560 studeas
1129 4517 1262 4568 esso
1298 4498 1542 4580 politus.
1627 4499 1901 4561 Srnsrs.
1946 4497 2000 4556 Ο
2050 4495 2331 4570 dominoe,
2380 4491 2543 4573 quod
2592 4513 2631 4556 a
