3059 5059
446 397 523 469 78
1170 399 1952 462 ARIsToPnAms
2393 397 2744 480 [479-537

440 527 707 604 scedam,
732 527 933 612 potius
958 547 1141 610 qnam
1180 529 1449 610 quotidie
1486 529 1799 594 conflicter
1833 545 1974 590 cum
2013 527 2198 590 tantis
2239 527 2436 590 malis.
2519 528 2752 590 Cnon0·

440 624 575 688 Nec
600 625 663 686 in
690 625 829 706 apio
858 623 1059 685 necin
1100 632 1237 684 ruta
1276 633 1423 684 sunt
1460 622 1670 685 adhue
1703 643 1799 685 res
1839 624 2012 684 istm:
2055 622 2173 684 hoc
2213 623 2374 684 enim
2412 621 2747 684 inseremus

438 719 789 784 vilissimum
832 719 1109 779 verbum:
1162 727 1229 778 et
1266 736 1425 778 nunc
1466 717 1711 798 quidem
1751 715 1898 778 nihil
1937 715 2104 778 dolet
2141 715 2287 785 tibi;
2331 714 2444 777 sed
2485 713 2743 786 dolebit,

440 832 625 892 quum
652 822 851 874 orator
874 810 1083 874 eadem
1110 810 1229 872 ista
1254 809 1315 870 in
1342 819 1401 872 te
1430 810 1664 891 ingeret
1687 809 1956 882 crimina,
1979 810 2446 891 conjuratosque
2470 816 2612 869 tuos
2633 823 2746 868 vo·-

439 906 620 968 cabit.
676 905 885 968 Bnnr..
912 904 1179 965 Obsecro
1204 923 1311 986 per
1336 903 1507 977 deos,
1535 903 1762 966 estisne
1788 922 1896 965 vos
1925 903 2066 964 hinc
2093 901 2467 965 discessuri?
2509 901 2602 962 sin
2629 899 2744 962 ali·

440 1007 552 1071 ter,
578 999 971 1060 constitutum
996 1007 1091 1058 est
1117 995 1259 1058 mihi
1284 997 1566 1078 vapulare
1587 1016 1780 1077 usque
1801 1007 1864 1058 et
1879 997 2190 1061 verberare
2208 1007 2338 1058 toto
2357 995 2480 1058 die.
2519 995 2742 1056 Onon.

442 1089 768 1172 Nunquam
794 1089 1101 1163 desistam,
1130 1089 1325 1150 donec
1354 1090 1557 1171 aliqua
1582 1109 1722 1173 pars
1749 1089 1868 1152 mei
1895 1089 2122 1170 reliqua
2149 1090 2280 1163 erit,
2307 1086 2554 1170 quando
2575 1097 2638 1150 tu
2659 1085 2748 1150 ad

442 1184 817 1266 tyrannidem
845 1183 1091 1246 affectas
1121 1183 1293 1246 viam.
1378 1183 1592 1246 Bon..
1631 1184 1860 1266 Nempe
1887 1183 2087 1245 omnia
2126 1203 2234 1245 ros
2273 1181 2652 1263 tyrannidem
2681 1191 2750 1242 et

442 1276 911 1358 conjurationem
936 1276 1277 1350 nominatis,
1300 1275 1423 1338 sive
1444 1277 1658 1357 majus,
1683 1277 1808 1340 sive
1829 1276 1964 1358 quis
1983 1276 2180 1337 minus
2203 1275 2422 1338 crimen
2453 1275 2632 1338 alicui
2651 1275 2746 1336 iu-

440 1381 653 1446 tentet,
680 1372 851 1453 cujus
878 1390 993 1452 ego
1016 1370 1346 1452 tyrannidis
1376 1389 1592 1431 nomen
1621 1370 2060 1450 quinquaginta
2081 1369 2255 1430 annis
2283 1387 2362 1430 ne
2403 1367 2586 1430 semel
2613 1367 2750 1449 qui-

441 1463 579 1526 dem
600 1465 959 1526 audiveram.
1042 1462 1165 1524 Sed
1192 1483 1353 1524 nunc
1378 1463 1570 1524 multo
1593 1463 1766 1525 vilior
1792 1473 1888 1524 est
1907 1462 2313 1536 salsamentis,
2337 1461 2490 1522 adeo
2521 1469 2590 1522 ut
2629 1459 2748 1520 illi·

440 1577 515 1622 ns
542 1577 759 1620 nomen
778 1557 905 1639 jam
930 1556 991 1618 in
1022 1557 1153 1618 foro
1176 1557 1353 1618 etiam
1379 1557 1851 1619 circumferatur.
1891 1555 2050 1618 Nam
2079 1558 2130 1619 si
2157 1557 2294 1637 quis
2321 1565 2480 1618 emat
2497 1556 2747 1636 orphos,

316 1679 321 1684 ·
440 1650 593 1715 nolit
616 1662 817 1714 autem
843 1649 1238 1724 membradas,
1262 1649 1422 1712 illico
1452 1649 1601 1711 dicit
1623 1650 1746 1724 ille,
1775 1650 1914 1731 quia
1944 1651 2004 1710 in
2034 1650 2301 1730 proximo
2329 1648 2532 1710 vendit
2555 1667 2746 1709 mem·

438 1746 694 1808 bradas:
740 1744 862 1806 Iste
882 1745 1053 1806 homo
1077 1744 1316 1806 videtur
1340 1744 1622 1804 obsonare
1647 1743 1736 1808 ad
1773 1744 2174 1823 tyrannidem.
2259 1743 2326 1803 si
2364 1742 2500 1823 quis
2541 1751 2742 1802 autem

439 1857 680 1920 porrum
705 1847 873 1919 petat
910 1837 990 1898 ad
1030 1835 1399 1898 condiendas
1443 1855 1655 1917 apuas,
1697 1838 1921 1898 olerum
1965 1835 2262 1898 venditrix
2297 1835 2455 1898 limis
2501 1835 2744 1897 intuens

438 1931 587 1992 dicit
600 1930 727 1992 illi:
774 1932 1039 1992 Pomm
1048 1933 1216 2011 petis
1234 1950 1257 1989 .·
1297 1930 1397 1992 dic
1422 1931 1595 2003 mihi,
1649 1950 1790 1992 nunt
1809 1950 1999 2011 paras
2039 1929 2422 2010 tyrannidem
2441 1929 2472 1986 Ρ
2511 1948 2592 1989 an
2627 1947 2750 2008 pu·

441 2025 680 2086 saarim·
698 2023 979 2085 Athenas
1004 2023 1379 2085 condimenta
1407 2024 1627 2085 tributi
1653 2026 1852 2086 instar
1861 2024 2079 2104 serre?
2161 2025 2438 2084 Xsn‘rn.
2467 2020 2571 2082 Me
2594 2040 2744 2100 quo-

440 2138 558 2198 que
588 2128 872 2190 scortum,
900 2136 1081 2196 quum
1110 2117 1235 2177 heri
1264 2116 1507 2177 meridie
1538 2117 1616 2176 ad
1645 2116 1792 2178 illud
1823 2118 2134 2196 ingressus
2164 2135 2379 2190 essem,
2407 2115 2548 2196 quia
2571 2114 2750 2194 jube-

440 2212 598 2284 bam,
624 2219 694 2271 ut
721 2209 999 2291 supinum
1024 2211 1279 2290 agitaret
1304 2229 1545 2290 equum,
1573 2209 1786 2270 iratum
1816 2210 2222 2292 interrogavit,
2250 2230 2332 2271 an
2365 2211 2618 2289 Hippia
2647 2217 2748 2288 ly-

442 2303 754 2366 rau-niam
796 2305 1175 2364 constituam.
1255 2303 1463 2364 Bnen.
1508 2302 1662 2364 Hoec
1707 2303 1864 2365 enim
1913 2304 2044 2364 istis
2091 2303 2300 2366 auditu
2332 2302 2644 2382 jucunda:
2684 2311 2749 2362 et

441 2415 603 2458 nnnc
632 2414 769 2476 ego,
795 2397 937 2474 quia
962 2397 1120 2469 volo,
1140 2408 1203 2458 ut
1232 2409 1397 2476 pater
1424 2415 1615 2468 meus,
1645 2396 1739 2457 his
1765 2395 1986 2458 relictis
2013 2398 2298 2470 moribus,
2339 2393 2530 2478 primo
2571 2415 2750 2458 mane

442 2491 624 2552 domo
652 2509 770 2550 non
816 2488 1179 2570 egrediatur,
1208 2487 1611 2550 delationibus
1663 2500 1727 2550 et
1757 2489 1962 2552 litibus
2006 2489 2220 2552 misere
2257 2500 2599 2561 vacaturus,
2639 2487 2750 2550 sed

442 2583 625 2646 vitam
654 2591 801 2662 agat
826 2580 1225 2663 splendidam,
1256 2582 1345 2642 uti
1372 2582 1722 2665 Morychns,
1749 2584 2060 2645 insimulor
2084 2585 2202 2645 ista
2218 2582 2414 2644 facere
2441 2601 2514 2643 ex
2543 2582 2756 2663 conju-

440 2677 692 2749 ratione,
747 2675 1203 2758 tyrannidisque
1244 2675 1467 2736 studio.
1550 2676 1756 2764 prin..
1799 2677 1930 2739 Tuo
1971 2675 2212 2758 quidem
2253 2676 2454 2740 hercle
2497 2677 2706 2737 merito
2726 2696 2750 2738 z

442 2789 701 2851 namque
730 2789 846 2850 ego
864 2769 959 2832 vel
984 2768 1339 2849 gallinarum
1364 2769 1461 2830 lac
1486 2769 1658 2830 nihili
1683 2771 1898 2832 faciam
1924 2791 2050 2853 prae
2077 2771 2196 2833 ista
2223 2768 2460 2830 vivendi
2503 2769 2756 2842 ratione,

445 2884 484 2925 a
510 2884 632 2945 qna
654 2884 749 2926 me
778 2882 940 2925 nunc
969 2863 1267 2924 abducere
1298 2863 1558 2943 satagis:
1597 2883 1792 2945 neque
1815 2864 2082 2926 delector
2105 2861 2267 2935 reiis,
2297 2883 2408 2924 nec
2437 2862 2754 2942 anguillis;

446 2958 558 3024 sed
602 2957 881 3019 libentius
927 2957 1300 3018 comederem
1350 2956 1635 3018 liticulam
1681 2958 1968 3020 minutam
2019 2958 2081 3018 in
2127 2955 2335 3038 patina
2383 2955 2756 3016 suffocatam.

446 3051 660 3115 Enni..
700 3051 977 3128 Namque
1006 3049 1223 3129 edepol
1250 3051 1566 3112 assuevisti
1597 3051 1890 3132 ejusmodi
1931 3053 2107 3112 rebus
2149 3049 2456 3112 delectari.
2537 3047 2658 3108 Sed
2701 3046 2754 3108 si

446 3143 668 3225 poteris
694 3142 991 3223 patienter
1018 3142 1211 3214 silere,
1232 3153 1295 3204 et
1320 3147 1674 3224 cognoveris
1699 3165 1836 3227 quoe
1863 3145 2082 3218 dicam,
2111 3146 2362 3205 arbitror
2387 3143 2494 3204 tibi
2525 3161 2620 3202 me
2647 3161 2750 3202 os-

446 3247 777 3309 tensurum,
802 3245 870 3296 ut
895 3235 1016 3296 ista
1044 3237 1245 3297 omnia
1270 3247 1331 3300 te
1371 3237 1590 3300 falsum
1629 3238 1912 3301 habeant.
1995 3237 2198 3298 Pmr..
2241 3236 2466 3310 Fallor,
2505 3235 2752 3318 quando

436 3329 693 3412 judico?
749 3330 957 3391 anr..
987 3328 1067 3389 Et
1090 3328 1334 3410 quidem
1362 3330 1618 3392 derideri
1646 3342 1706 3393 te
1735 3353 1853 3395 non
1885 3333 2068 3394 sentis
2097 3331 2174 3392 ab
2203 3328 2572 3402 hominibus,
2603 3349 2758 3409 quos

448 3433 515 3484 tu
542 3431 777 3484 tantum
802 3441 923 3482 non
952 3421 1187 3484 adoras.
1270 3423 1434 3493 Quin
1454 3425 1716 3488 insciens
1747 3425 2087 3488 servitutem
2119 3422 2327 3484 servis.
2393 3421 2598 3482 Pmr..
2629 3421 2758 3482 De-

448 3516 581 3578 sine
616 3533 937 3576 memorare
966 3517 1305 3580 servitutem
1334 3518 1500 3593 mihi,
1524 3519 1630 3600 qui
1669 3519 1945 3580 omnibns
1987 3519 2236 3599 impero.
2319 3513 2530 3576 anr..
2573 3513 2758 3576 Haud

450 3619 519 3670 tu
559 3607 837 3689 quidemr
880 3627 1086 3670 verum
1126 3630 1333 3673 servus
1376 3631 1465 3686 es,
1508 3611 1651 3674 dum
1693 3623 1752 3674 te
1790 3621 1968 3693 putas
2009 3611 2326 3690 imperare.
2405 3607 2564 3668 Nam
2608 3606 2760 3670 doce

448 3721 585 3777 nos,
613 3722 650 3763 o
674 3713 865 3783 pater,
891 3703 1039 3785 quid
1070 3705 1173 3766 tibi
1211 3705 1449 3768 accedit
1478 3705 1804 3786 dignitatis,
1831 3704 1934 3785 qui
1975 3703 2202 3766 tributa
2239 3700 2493 3762 Groecioe
2535 3701 2598 3760 in
2639 3720 2761 3763 rem

450 3805 617 3858 tuam
644 3796 961 3860 convertis.
1026 3797 1231 3861 Pnrr„
1272 3797 1602 3860 Plurimum
1629 3818 1806 3860 vero:
1860 3797 2118 3877 voloque
2145 3796 2240 3856 his
2285 3795 2592 3857 arbitrium
2623 3813 2760 3875 per-

448 3889 710 3956 mittere..
792 3889 998 3952 Bnnr..
1042 3891 1175 3972 Ego
1200 3892 1399 3954 etiam.
1472 3891 1768 3954 Dimittite
1793 3911 1956 3952 nune
1983 3909 2120 3952 eum
2151 3908 2381 3962 omnes,
2411 3897 2474 3950 et
2499 3889 2760 3970 gladium

450 3983 595 4052 mihi
624 3983 786 4048 date.
868 3985 1026 4045 Nam
1056 3986 1107 4046 si
1134 3987 1498 4064 argumentis
1526 4005 1566 4046 a
1587 3997 1645 4046 te
1692 3987 1882 4048 victus
1909 3987 2102 4057 fuero,
2143 3981 2346 4063 gladio
2397 3983 2762 4045 incumbam.

450 4079 557 4153 At,
586 4079 761 4158 perii!
815 4077 914 4142 dic
942 4078 1107 4150 mihi,
1134 4077 1303 4159 quid,
1332 4078 1383 4138 si
1436 4065 1556 4140 non
1605 4079 1970 4159 acquieveris
2007 4077 2364 4140 arbitrorum
2413 4073 2762 4138 sententia?

448 4171 656 4234 Pan„
704 4173 1027 4253 Nunquam
1052 4171 1251 4232 bibam
1276 4171 1421 4233 meri
1448 4171 1783 4234 mercedem
1825 4173 1980 4234 Boni
2031 4171 2218 4234 Geni.
2303 4172 2527 4231 Cnoa.
2577 4169 2758 4234 Nunc

455 4275 658 4327 autem
684 4275 766 4339 te,
792 4265 894 4344 qui
921 4285 955 4326 e
984 4273 1189 4324 nostra
1216 4263 1497 4345 palaestra
1524 4285 1616 4341 es,
1641 4277 1876 4348 oportet
1923 4267 2120 4330 dicere
2163 4265 2308 4345 quid
2345 4263 2507 4335 novi,
2559 4273 2627 4323 ut
2677 4261 2766 4325 ri-

456 4357 729 4420 dearis—
828 4357 1064 4434 (ann.
1096 4357 1275 4419 Ferat
1320 4358 1463 4420 mihi
1514 4360 1634 4420 huc
1681 4363 1960 4424 scrinium
2010 4360 2222 4439 aliquis
2271 4359 2462 4418 ocius.
2545 4357 2764 4418 Cnon.

450 4452 577 4514 Sed
601 4473 719 4513 non
747 4470 988 4533 prorsus
1010 4449 1191 4513 homo
1207 4451 1373 4514 nihili
1404 4453 1692 4516 videberis
1721 4475 1874 4527 esse,
1929 4455 1980 4516 si
2008 4454 2170 4517 istud
2211 4451 2318 4514 tibi
2357 4449 2538 4531 jubes
2583 4449 2762 4524 dari.)

452 4546 707 4623 nonita,
738 4557 807 4608 ut
832 4545 1187 4611 adolescens
1217 4548 1353 4624 iste,
1382 4548 1562 4612 verba
1589 4547 1804 4616 facere.
1869 4547 2056 4612 Vides
2083 4545 2238 4610 enim
2265 4563 2450 4628 quam
2477 4559 2762 4624 magnum
