3059 5059
489 325 603 386 168
1234 324 2046 389 ARISTOP‘HANIS
2121 360 2134 376 ι
2505 332 2780 413 [36-99

478 455 671 536 perire
690 453 979 517 funditus.
1062 454 1225 515 Cn..
1256 454 1395 516 Non
1451 476 1681 530 omnes,
1729 477 1981 537 quaesoz
2030 457 2139 520 sed
2193 458 2490 539 anguillas
2545 460 2776 542 excipe.

479 548 634 609 LYs.
652 548 746 609 De
773 548 1023 609 Athenis
1050 558 1249 609 autem
1276 548 1356 608 nil
1381 548 1497 609 tale
1543 549 1890 611 ominabor:
1936 550 2095 613 aliud
2143 564 2203 613 te
2247 552 2536 633 suspicari
2574 552 2776 614 velim.

478 639 544 699 Si
572 659 709 701 vero
726 641 1108 702 convenerint
1124 640 1243 701 huc
1285 642 1558 702 mulieres
1609 662 1684 703 ex
1731 642 1963 704 Boeotia
2005 645 2177 706 simul
2227 656 2290 707 et
2335 643 2776 727 Peloponneso,

475 751 707 813 nosque
728 734 966 807 Atticm,
1008 733 1397 794 communiter
1438 734 1806 795 servabimus
1849 735 2165 797 Groeciam.
2248 735 2411 797 Cn..
2453 738 2576 798 Sed
2623 739 2772 820 quid

472 836 723 907 possent
769 826 1045 887 mulieres
1083 826 1406 907 prudenter
1444 844 1622 907 agere
1661 838 1726 888 et
1765 828 2095 909 praeclare?
2155 848 2366 903 nosne,
2410 824 2550 911 qu'oe
2595 833 2772 893 sede·

471 936 605 978 mus
631 919 949 999 pigmentis
975 920 1257 993 nitentes,
1298 920 1663 982 ornamentis
1706 922 1978 993 excultoe,
2025 934 2294 985 crocotas
2339 933 2670 1003 gestantes,
2707 934 2774 985 et

472 1010 835 1075 Cimbericas
862 1021 1075 1084 rectas,
1105 1021 1167 1072 et
1194 1012 1608 1092 peribaridas?
1689 1012 1839 1074 Lrs.
1883 1014 2070 1076 Immo
2115 1016 2412 1077 enimvero
2458 1016 2592 1077 haec
2633 1016 2770 1096 ipsa

470 1115 631 1181 sunt,
658 1124 697 1166 a
722 1106 937 1187 quibus
965 1105 1217 1167 salutem
1261 1122 1474 1185 spero:
1533 1108 1872 1180 crocotuloe,
1913 1120 1976 1170 et
2013 1118 2340 1188 unguenta,
2379 1118 2444 1169 et
2481 1109 2766 1189 peribari·

468 1196 600 1272 des,
626 1210 689 1260 et
713 1199 998 1273 anchusa,
1040 1209 1103 1260 et
1152 1195 1471 1280 pellucidoe
1520 1200 1760 1261 tunicoe.
1846 1201 2008 1261 Cu..
2067 1200 2203 1270 Quo
2253 1200 2496 1262 tandem
2547 1202 2770 1263 modo?

465 1290 620 1354 Lrs.
664 1292 758 1352 Ita
782 1301 850 1353 ut
876 1292 1135 1364 illorum,
1155 1290 1257 1371 qui
1294 1310 1457 1352 nunc
1498 1292 1725 1367 vivunt,
1770 1291 2027 1354 virorum
2067 1304 2278 1355 contra
2311 1292 2490 1355 alium
2529 1292 2766 1356 hastam

462 1402 639 1446 nemo
658 1382 851 1446 tollat.
935 1384 1101 1447 Cn..
1130 1383 1446 1447 Crocotam
1476 1402 1642 1465 ergo,
1671 1384 1756 1445 ita
1780 1405 1875 1447 me
1903 1386 2086 1448 Ceres
2113 1397 2271 1448 amet
2293 1396 2356 1447 et
2385 1384 2760 1469 Proserpina,

461 1474 607 1537 mihi
627 1474 972 1557 tingendam
998 1476 1239 1537 curabo.
1324 1476 1479 1538 [τε.
1512 1476 1642 1538 Nec
1669 1478 1942 1559 clypeum
1969 1492 2186 1541 sumat.
2271 1481 2436 1543 Car..
2474 1480 2764 1543 Cimberi-

458 1588 593 1631 cam
619 1569 883 1633 induam.
966 1570 1119 1632 Lrs.
1150 1570 1283 1631 Nec
1308 1566 1660 1650 gladiolum.
1744 1569 1909 1632 Cu..
1937 1571 2313 1634 Peribaridas
2342 1592 2556 1635 emam.
2599 1573 2758 1637 [πε.

455 1663 677 1724 Annon
702 1683 844 1745 ergo
888 1660 1099 1725 adesse
1154 1662 1431 1724 mulieres
1480 1663 1838 1746 oportebat?
1919 1666 2082 1727 Cn..
2139 1664 2298 1735 Quin
2342 1665 2443 1747 pol
2493 1666 2761 1730 volando

454 1758 691 1819 venisse
734 1757 995 1839 oportuit
1040 1754 1291 1818 dudum.
1393 1754 1545 1817 Lts.
1589 1756 1734 1828 Sed,
1779 1775 1886 1836 pro
1927 1757 2132 1819 dolor!
2179 1756 2412 1819 videbis
2467 1778 2571 1820 eas
2619 1781 2758 1823 esse

454 1848 631 1910 nimis
657 1850 911 1923 Atticas,
941 1849 1084 1910 dum
1110 1850 1306 1909 omnia
1332 1848 1563 1909 faciunt
1575 1848 1745 1929 justo
1772 1848 2022 1911 tardius.
2106 1852 2190 1912 At
2215 1870 2327 1913 nec
2351 1872 2425 1913 ex
2446 1852 2756 1915 maritimis

452 1942 577 2003 ulla
604 1942 815 2003 mulier
840 1942 1033 2015 adest,
1064 1962 1175 2003 nec
1201 1959 1274 2002 ex
1302 1942 1624 2002 Salamine.
1708 1941 1872 2003 Cn..
1899 1943 2019 2003 Sed
2043 1943 2156 2004 has
2186 1946 2312 2005 scio
2349 1946 2408 2005 in
2451 1946 2756 2009 celocibus

452 2034 757 2115 trajecisse
782 2034 1133 2096 matutinas.
1215 2034 1365 2094 LYs.
1396 2034 1552 2109 Nec,
1580 2053 1730 2114 quas
1759 2036 2072 2116 sperabam
2121 2048 2183 2098 et
2221 2038 2594 2101 confidebam
2636 2060 2754 2121 ego

448 2127 673 2208 primas
696 2126 795 2188 hic
844 2127 1073 2200 adfore,
1120 2126 1540 2189 Acharnenses
1585 2127 1861 2189 mulieres
1907 2130 2173 2191 veniunt.
2255 2130 2418 2191 Cn..
2468 2132 2752 2195 Attamen

448 2220 787 2301 Theogenis
810 2238 979 2293 uxor,
1000 2232 1285 2299 tanquam
1310 2220 1554 2282 horsum
1576 2218 1774 2281 venire
1802 2223 2073 2301 cupiens,
2095 2222 2344 2285 Hecatoe
2368 2224 2750 2289 simulacrum

446 2312 769 2376 consuluit.
850 2312 973 2375 Sed
1018 2332 1159 2374 ecce
1206 2313 1505 2374 accedunt
1545 2311 1864 2393 quasdam:
1914 2314 2056 2375 item
2099 2315 2232 2377 alioe
2287 2318 2488 2379 etiam.
2571 2318 2751 2394 Hem,

443 2408 622 2471 hemi
682 2406 981 2468 undenam
1010 2404 1193 2467 sunt?
1275 2406 1429 2467 Lrs.
1458 2405 1548 2465 Ex
1589 2407 1894 2487 Anagyro.
1977 2407 2144 2469 Cu..
2191 2409 2422 2492 Edepol
2457 2422 2528 2473 ut
2571 2412 2751 2475 dicis.

442 2500 765 2582 Anagyrus
788 2519 931 2581 ergo
958 2498 1101 2560 mihi
1128 2498 1358 2561 videtur
1378 2508 1732 2561 commotus.
1815 2502 2050 2563 Mrnn.
2095 2500 2254 2563 Num
2295 2502 2526 2567 tardius
2565 2506 2752 2569 adve-

443 2598 664 2675 nimus,
690 2618 729 2660 o
756 2596 1125 2680 Lysistrata?
1172 2595 1317 2678 quid
1356 2595 1490 2657 ais?
1537 2616 1646 2657 cur
1681 2596 1890 2658 taces?
1971 2597 2122 2659 Lrs.
2155 2600 2294 2659 Non
2341 2600 2546 2675 laudo,
2579 2602 2748 2684 Myr·

439 2690 634 2765 rhina,
674 2690 857 2753 modo
880 2689 1293 2752 advenientem
1318 2690 1383 2749 in
1410 2709 1475 2751 re
1502 2700 1691 2752 tanta.
1771 2690 2014 2751 Mran.
2043 2691 2160 2753 vix
2187 2693 2344 2753 enim
2381 2693 2748 2783 in0tenebris

439 2784 747 2867 cingulum
770 2784 991 2858 inveni,
1021 2784 1152 2859 sed,
1182 2784 1235 2845 si
1291 2802 1387 2845 res
1438 2794 1632 2864 urget,
1689 2784 1816 2845 fare
1867 2786 2264 2865 pmsentibus
2309 2786 2502 2848 nobis.
2587 2789 2742 2854 Lrs.

439 2880 631 2941 Immo
654 2880 853 2961 potius
898 2878 1273 2960 opperiamur
1312 2876 1637 2957 paulisper,
1677 2876 1822 2938 dum
1865 2878 2114 2939 Boeotioe
2165 2889 2228 2939 et
2282 2879 2744 2961 Peloponnesio

436 2974 711 3035 mulieres
756 2973 1020 3035 veniant.
1126 2972 1366 3032 Muta.
1428 2970 1630 3032 Multo
1675 2982 1742 3031 tu
1791 2972 2010 3033 rectius
2069 2971 2260 3033 dicis:
2318 2984 2382 3033 et
2435 2994 2578 3036 eece
2611 2976 2744 3058 jam

434 3065 569 3128 lime
652 3066 923 3147 Lampito
973 3064 1224 3127 accedit.
1334 3065 1487 3124 Lrs.
1557 3064 1614 3123 Ο
1661 3064 1972 3126 carissima
2027 3066 2306 3140 Laeana,
2343 3066 2508 3128 salve
2565 3067 2746 3131 Lam·

432 3158 582 3239 pito.
652 3158 849 3228 Quam
892 3159 1153 3220 formosa
1206 3155 1442 3231 videris,
1470 3174 1509 3217 o
1547 3156 1934 3219 dulcissima!
2005 3178 2186 3239 quam
2225 3160 2476 3242 pulchro
2513 3161 2738 3238 colore,

432 3270 614 3332 qnam
650 3262 867 3333 vegeto
920 3270 987 3312 es
1039 3270 1283 3332 corpore
1301 3255 1320 3310 1-
1342 3249 1461 3337 ,vel
1510 3260 1745 3312 taurum
1801 3251 2172 3333 strangulare
2225 3254 2444 3335 possis.
2521 3255 2741 3320 Laus.

433 3344 549 3406 Nes
604 3346 760 3407 istuc
822 3353 1057 3407 ecastor
1099 3343 1301 3416 credo,
1352 3343 1644 3424 siquidem
1693 3363 1910 3425 corpus
1965 3364 2233 3420 exerceo,
2283 3356 2344 3407 et
2390 3348 2742 3411 subsultans

428 3438 584 3519 pede
637 3438 912 3521 podicem
962 3439 1132 3499 ferio.
1234 3438 1388 3499 Lis.
1434 3437 1631 3506 Quam
1669 3436 1858 3499 bellas
1915 3437 2100 3499 habes
2149 3440 2434 3521 papillas!
2519 3440 2737 3504 ιιι».

428 3532 739 3615 Tanquam
768 3533 1063 3595 victimam
1084 3530 1455 3613 pertractatis
1492 3549 1610 3591 me.
1692 3532 1844 3592 LYs.
1887 3528 2038 3591 Hoec
2063 3540 2264 3593 autem
2283 3532 2738 3597 adolescentula

428 3625 636 3700 altera,
664 3626 832 3707 cujas
860 3624 1003 3687 est?
1044 3633 1061 3647 ·
1084 3626 1297 3687 Laus.
1324 3624 1612 3683 Primaria
1651 3636 1884 3685 ecastor
1921 3625 2138 3685 femina
2183 3624 2418 3687 Boeotia
2453 3627 2616 3687 venit
2653 3626 2732 3688 ad

425 3738 555 3780 vos.
626 3719 779 3782 Lrs.
806 3718 919 3779 Pol
948 3718 1179 3779 Boeotia
1206 3726 1325 3790 est,
1350 3715 1782 3797 pulchrumque
1797 3716 2028 3777 habens
2055 3736 2354 3799 campum.
2437 3718 2606 3783 Cu..
2653 3720 2732 3781 Et

422 3810 529 3893 pol
554 3812 861 3887 mundum,
888 3813 1059 3873 vulso
1080 3810 1343 3892 pulegio.
1428 3810 1582 3869 Lars.
1611 3809 1904 3878 Quanam
1933 3828 2072 3871 vero
2100 3821 2196 3871 est
2237 3810 2343 3872 illa
2379 3812 2568 3872 altera
2615 3830 2732 3893 pu-

424 3905 589 3968 ella?
670 3906 885 3967 Laus.
938 3904 1110 3964 Bona
1154 3902 1396 3983 quidem
1452 3912 1714 3976 ecastor,
1761 3902 1871 3965 sed
1931 3902 2258 3964 Corinthia.
2343 3905 2498 3965 Lrs.
2555 3904 2734 3967 Bona

424 3997 639 4080 edepol
668 3999 917 4071 videtur,
944 4006 1015 4059 ut
1040 3996 1163 4056 illic
1190 4014 1327 4058 esse
1371 3996 1586 4058 solent.
1673 3996 1887 4059 Laus.
1935 3998 2073 4058 Jam
2127 4015 2266 4058 vero
2297 3998 2438 4078 quis
2473 4018 2732 4079 congre-

425 4092 585 4170 gavit
614 4089 919 4151 mulierum
948 4090 1107 4150 huno
1148 4088 1415 4150 emtum?
1497 4090 1650 4153 Lus.
1709 4091 1850 4173 Ipsa
1896 4110 2030 4171 ego.
2113 4091 2326 4153 Larsr.
2385 4091 2502 4153 Dic
2547 4092 2736 4172 igitur

422 4184 617 4257 nobis,
642 4183 785 4264 quid
814 4183 989 4246 velis.
1074 4182 1229 4244 Lrs.
1255 4183 1350 4243 lta
1396 4202 1564 4255 sane,
1606 4184 1936 4245 carissima.
2019 4182 2263 4248 Μῑιι.
2309 4184 2426 4246 Die
2479 4185 2732 4247 tandem

422 4278 726 4359 quodnam
755 4277 834 4338 sit
860 4277 1077 4339 serium
1106 4276 1253 4336 illud
1272 4276 1600 4357 negotium.
1687 4278 1842 4339 Lus.
1881 4278 2021 4339 Jam
2063 4276 2280 4340 dicam.
2365 4276 2488 4339 Sed
2527 4277 2732 4359 prius-

422 4389 601 4453 quam
652 4371 869 4445 dicam,
928 4390 1033 4433 vos
1089 4370 1204 4431 hoc
1257 4370 1635 4452 interrog-abo
1687 4370 2018 4454 pauxillum
2068 4372 2393 4451 quidpiam.
2477 4370 2728 4433 Milan.

424 4464 725 4547 Quidquid
746 4463 926 4527 voles.
1016 4462 1165 4527 Lars.
1198 4462 1538 4527 Liberorum
1565 4475 1890 4529 vestrorum
1921 4475 2124 4546 patres
2167 4482 2370 4527 nonne
2411 4464 2726 4529 desidera-
