3059 5059
427 367 522 435 es
1169 363 1993 428 Ams'roenAms
2314 363 2739 444 [loeo-1091

431 495 710 564 mordeat
735 500 1062 562 oraculum.
1145 500 1226 560 Is.
1271 496 1712 570 Animadverte,
1732 516 1767 556 o
1794 495 2183 568 Erechthida,
2212 513 2408 556 canem
2440 489 2749 556 &rherum

429 597 804 677 plagiarium
823 595 929 673 qm·
953 590 1212 653 adulans
1238 591 1448 662 cauda,
1465 599 1524 650 et
1554 598 1611 650 te
1636 596 1955 650 coenantem
1996 589 2323 662 observans,
2352 589 2549 651 endec
2578 596 2747 649 tum

436 691 654 760 cibum,
677 684 963 767 siquando
989 693 1058 746 tu
1083 685 1320 744 Melane
1343 683 1627 743 aliorsum
1668 689 1909 760 spectes.
1999 680 2161 741 clam
2198 689 2391 742 autem
2430 688 2612 742 nocta
2650 683 2748 741 in·

433 781 749 863 gredietur
776 781 838 840 in
861 777 1140 850 culinam,
1169 782 1226 836 et
1249 767 1466 836 canitia
1491 776 1814 835 voracitate
1833 774 2085 852 patinae
2108 779 2165 832 et
2193 774 2425 833 inulas
2442 771 2745 834 delun-hee.

439 874 620 933 Dent.
665 870 858 931 Multo
885 869 1116 941 melius,
1143 869 1224 929 ita
1251 888 1358 928 me.
1375 866 1693 946 Neptunus
1722 876 1902 944 amet,
1932 884 1971 924 o
2013 865 2193 924 Glaui
2236 865 2459 925 dixisti.
2538 866 2745 926 Cum.

437 965 624 1040 Audi,
661 985 698 1025 o
737 967 917 1036 bone,
945 974 1070 1023 tum
1111 961 1345 1022 demum
1389 959 1675 1039 dijudica.
1766 957 1879 1018 Est
1920 957 2152 1028 mulier,
2188 960 2503 1038 pariaque
2530 958 2745 1018 leonem

435 1060 626 1120 sacris
663 1059 732 1117 in
773 1055 1053 1126 Athenis,
1091 1057 1196 1134 qui
1227 1071 1350 1132 pro
1381 1051 1612 1131 populo
1654 1059 1861 1112 contra
1902 1049 2117 1110 multos
2158 1051 2372 1111 culices
2420 1051 2746 1130 pugnabit,

435 1158 718 1230 tanquam
737 1169 854 1229 pro
881 1146 1104 1209 catulis
1125 1149 1250 1206 suis
1285 1153 1494 1212 stam,-
1534 1163 1701 1224 quem
1730 1151 1797 1204 w
1818 1143 2075 1214 observa,
2102 1162 2273 1203 muro
2300 1150 2601 1204 exstructo
2625 1143 2747 1223 leg-

427 1257 562 1317 ἵκεο,
584 1252 643 1304 et
671 1240 1196 1320 turribussmeis.
1255 1238 1434 1297 Dur.
1465 1236 1629 1298 Scin'
1657 1236 1803 1316 quid
1830 1236 1963 1296 heec
1990 1235 2367 1316 significent?
2449 1236 2531 1296 Is.
2564 1235 2747 1296 Haud

429 1353 550 1416 ego
577 1335 796 1395 hercle.
883 1333 1078 1394 cmm.
1123 1329 1446 1411 Perspieue
1489 1329 1659 1388 Deus
1700 1327 1807 1388 tibi
1850 1326 2133 1400 dixit‚.ut
2170 1347 2267 1388 me
2306 1348 2529 1390 serves.
2614 1328 2745 1406 Ego

433 1428 594 1488 enirn
633 1427 734 1486 tibi
777 1445 908 1486 snm
950 1443 1058 1505 pro
1099 1424 1298 1486 leone.
1383 1423 1565 1498 Deua.
1610 1422 1689 1481 Et
1730 1421 2033 1500 quomodo
2074 1439 2169 1481 me
2210 1421 2400 1482 inscio
2442 1421 2636 1483 faetus
2678 1439 2747 1480 es

430 1518 697 1581 {Pi-oleo?
741 1520 822 1578 Ie.
855 1519 1052 1578 Unum
1083 1515 1160 1576 de
1183 1514 1482 1576 industria
1509 1527 1570 1574 te
1597 1531 1715 1574 non
1750 1513 1969 1574 edocet
1992 1533 2065 1590 ex
2090 1513 2207 1574 hoc
2236 1515 2539 1587 vaticinio,
2580 1513 2745 1594 quod

429 1612 632 1673 solum
661 1610 888 1672 ferreus
918 1627 1120 1670 murus
1151 1619 1244 1669 est
1263 1617 1330 1668 et
1355 1607 1610 1686 lignum,
1650 1607 1713 1666 in
1754 1625 1875 1685 quo
1914 1617 1977 1666 te
2018 1605 2339 1667 adservare
2376 1605 2537 1667 hune
2568 1599 2749 1688 jussit

331 1745 344 1752 -
429 1705 673 1766 Loxias.
760 1704 938 1764 Dent.
982 1701 1302 1772 Quomodo
1330 1719 1478 1780 ergo
1501 1699 1655 1760 illud
1682 1699 1837 1758 dixit
1868 1698 2083 1758 Deus?
2167 1699 2249 1759 Is.
2294 1700 2481 1761 Istum
2510 1708 2579 1758 ut
2596 1717 2745 1759 con·

429 1799 698 1877 stringas
727 1797 902 1876 jubet
955 1796 1018 1854 in
1059 1794 1224 1872 ligno
1265 1793 1528 1872 quinque
1586 1791 1974 1852 foraminibus
2005 1801 2283 1871 pertuso.
2371 1793 2547 1852 Dur.
2590 1792 2743 1852 Hoee

431 1889 716 1951 vaticinia
741 1905 906 1948 nune
929 1885 1158 1967 impleri
1187 1883 1329 1944 mihi
1355 1883 1653 1944 videntur.
1698 1885 1901 1946 Gneo.
1932 1885 2025 1943 Ne
2052 1883 2302 1944 eredas:
2344 1885 2561 1945 invidie
2584 1885 2743 1945 enirn

431 1983 706 2043 cornices
731 1979 1060 2041 crocitant-t
1105 1989 1168 2038 at
1195 1987 1260 2037 tu
1289 1975 1633 2056 accipitrem
1663 1994 1863 2036 amare
1892 1975 2213 2048 memento,
2237 1977 2339 2056 qui
2366 1977 2474 2037 tibi
2492 1977 2747 2038 adduxit

431 2075 666 2135 vinctos
699 2071 1284 2132 Lacedaemoniorum
1311 2068 1647 2132 coracinos.
1730 2067 1813 2127 Is.
1856 2069 1990 2128 Hoc
2018 2067 2261 2147 quidem
2288 2070 2611 2148 perieulum
2652 2082 2744 2131 te·

429 2185 592 2228 mere
620 2164 771 2226 adiit
791 2164 989 2224 ebrius
1021 2162 1353 2243 Paphlago,
1397 2162 1533 2221 Cur
1552 2161 1635 2234 id,
1662 2159 1997 2242 Cecropida
2026 2161 2395 2241 imprudens,
2422 2163 2606 2224 habes
2634 2183 2743 2245 pro

429 2257 674 2339 egregio
701 2256 961 2317 facinore
983 2255 1008 2312 ’ἐ
1051 2275 1188 2314 nam
1217 2254 1428 2314 mulier
1455 2255 1635 2316 etiam
1670 2253 1843 2313 facile
1870 2253 2025 2314 ferat
2050 2273 2225 2325 onus,
2254 2255 2307 2315 si
2326 2255 2415 2314 vir
2440 2255 2740 2317 sublatum

429 2351 494 2412 id
521 2351 578 2412 ei
603 2351 906 2428 imponat:
949 2368 1072 2409 non
1097 2359 1296 2407 tamen
1327 2346 1683 2428 pugnaverit
1712 2367 1731 2415 ς
1778 2365 1915 2406 nam
1942 2347 2258 2420 cacaverit,
2288 2348 2337 2408 si
2366 2351 2739 2429 pugnaverit.

431 2445 642 2506 Gneo.
679 2441 800 2504 Sed
829 2443 986 2502 istuc
1004 2440 1439 2512 animadverte,
1481 2438 1721 2520 Pylum,
1758 2459 1939 2519 quam
1982 2439 2089 2500 tibi
2129 2440 2297 2514 dixit,
2324 2451 2465 2502 ante
2506 2441 2740 2524 Pylum.

431 2540 554 2600 :Est
581 2537 783 2618 Pyla·
811 2541 948 2596 ante
973 2533 1276 2614 Pylum—
1362 2534 1539 2594 Dim.
1584 2531 1749 2601 Quid
1770 2531 1935 2592 istud
1970 2533 2133 2594 Ante
2164 2533 2393 2612 Pylum
2420 2535 2531 2594 sibi
2572 2533 2743 2595 vult?

434 2632 520 2691 Is.
559 2631 662 2690 Ait
689 2647 753 2690 se
780 2627 932 2689 solia
959 2628 1021 2686 in
1053 2626 1268 2686 balneo
1309 2635 1763 2706 occupaturum.
1849 2624 2033 2687 Dea.
2076 2625 2279 2686 Hodie
2318 2626 2499 2706 igitur
2538 2626 2741 2687 illotus

431 2742 556 2784 ero.
641 2723 744 2781 Is.-
767 2721 904 2800 lpse
931 2720 1090 2779 enim
1119 2719 1271 2780 solia
1298 2719 1470 2780 nobis
1507 2717 1834 2798 proeripuit.
1878 2717 1999 2778 Sed
2038 2716 2201 2779 istud
2244 2718 2321 2780 de
2360 2718 2557 2780 classe
2598 2719 2746 2782 dicit

431 2834 630 2878 meum
671 2811 1004 2883 oraculum,
1055 2811 1136 2870 ad
1185 2811 1346 2891 quod
1401 2821 1462 2870 te
1519 2811 1781 2871 animum
1840 2810 2147 2871 advertere
2192 2821 2429 2890 oportet
2476 2811 2739 2873 omnino.

431 2909 612 2968 Dan.
654 2906 954 2966 Adverto:
997 2915 1062 2964 tu
1090 2922 1229 2964 vero
1256 2903 1414 2984 lege,
1445 2904 1645 2964 nautis
1666 2905 1815 2966 meis
1842 2903 2143 2982 quomodo
2172 2902 2529 2985 stipendium
2552 2904 2741 2984 primo

432 3001 698 3066 dabitur.
775 2999 859 3058 Is.
894 2997 1146 3078 AEgida,
1169 2998 1409 3058 observa
1435 2996 1822 3076 ωηίυυιρεω,
1842 3017 1915 3057 ne
1935 3003 1991 3057 te
2012 2997 2291 3078 decipiat,
2308 2996 2455 3058 elam
2482 2996 2743 3059 morden-

433 3103 566 3164 tem,
593 3090 876 3163 dolosam,
903 3097 1186 3162 astutam,
1215 3090 1519 3152 callidam.
1570 3089 1733 3148 Scin’
1762 3089 1907 3168 quid
1938 3089 2053 3150 boc
2082 3089 2161 3149 sit
2181 3089 2239 3154 ἲ,
2291 3091 2468 3152 Dan.
2512 3091 2745 3152 Philos-

429 3194 624 3252 tratus
649 3191 742 3244 est
771 3181 1148 3260 eanivulpes.
1210 3183 1293 3242 Is.
1339 3182 1478 3242 Non
1507 3182 1625 3242 boc
1650 3179 1797 3243 dicit
1818 3201 1837 3240 ι
1878 3182 1985 3242 sed
2016 3200 2171 3260 quas
2198 3203 2381 3244 naves
2414 3185 2739 3246 identidem

430 3278 546 3341 iate
573 3275 725 3357 petit
751 3273 990 3334 veloces
1019 3273 1096 3334 ad
1124 3273 1498 3354 colligendas
1542 3275 1619 3334 ab
1646 3273 1939 3335 insulanis
1981 3275 2291 3355 pecunias,
2330 3276 2441 3336 has
2485 3289 2647 3340 vetat
2686 3279 2741 3339 ei

432 3369 580 3440 dare
607 3367 846 3428 Loxias.
932 3364 1114 3427 Dan.
1159 3369 1240 3427 At
1265 3367 1566 3446 quomodo
1596 3366 1849 3428 triremis
1878 3377 1973 3428 est
1998 3367 2384 3449 eanimlpoe?
2468 3373 2552 3432 Is.
2578 3371 2743 3442 Quo·

431 3459 654 3522 modo?
699 3476 910 3538 nempe
935 3469 998 3519 et
1023 3459 1276 3520 triremis
1301 3472 1396 3520 est
1420 3473 1482 3521 et
1509 3461 1679 3520 canis
1701 3479 1805 3529 rex
1830 3461 2026 3522 velox.
2085 3462 2263 3522 Dma.
2294 3465 2417 3524 Cur
2438 3484 2576 3524 vero
2602 3467 2742 3526 cani

431 3552 643 3616 addita
667 3561 762 3614 est
785 3549 1028 3632 vulpes!
1109 3553 1194 3613 Is.
1234 3552 1588 3632 Vulpeculis
1612 3551 1997 3614 adsimulavit
2018 3555 2255 3629 milites,
2276 3557 2557 3636 quoniam
2592 3575 2741 3618 uvas

430 3645 756 3714 comedunt
781 3644 920 3705 ruri.
1001 3645 1178 3706 Dim.
1221 3645 1405 3704 Esto:
1444 3646 1780 3724 vulpeculis
1812 3657 2009 3707 autem
2038 3646 2155 3706 illis
2183 3649 2548 3729 stipendium
2576 3649 2739 3730 quod

432 3736 606 3800 detur
633 3738 734 3797 ubi
759 3736 894 3798 eet?
979 3737 1061 3797 Is.
1102 3737 1173 3796 Id
1203 3756 1318 3817 ego
1343 3739 1627 3819 praebebo
1653 3758 1896 3819 quoque
1922 3739 1983 3800 in
2009 3751 2129 3800 tres
2150 3740 2303 3801 dies.
2346 3741 2464 3802 Sed
2488 3741 2607 3803 hoc
2630 3742 2739 3802 ad-

430 3831 552 3896 hue
577 3829 720 3891 audi
748 3829 1074 3903 oraculum,
1095 3849 1216 3909 quo
1247 3841 1304 3890 te
1333 3829 1517 3891 vitare
1538 3831 1723 3911 jussit
1741 3833 1961 3913 Apollo
1981 3831 2298 3913 Cyllenen,
2327 3855 2401 3894 ne
2429 3845 2487 3896 te
2514 3835 2615 3896 illa
2636 3835 2743 3896 de·

431 3923 638 4003 cipiet.
721 3922 898 3982 Dm.
943 3923 1276 3991 Quamnam
1303 3922 1647 4004 Cyllenen?
1729 3925 1811 3986 Ie.
1856 3925 2055 4006 Hujus
2082 3945 2324 3986 manum
2352 3929 2525 3989 finxit
2538 3929 2743 4010 Cylle-

430 4033 550 4076 nen
590 4032 725 4076 esse
767 4015 998 4088 merito,
1037 4016 1180 4096 quia
1219 4017 1418 4078 dicere
1457 4017 1627 4078 bicce
1670 4018 1847 4090 solet,
1892 4019 2082 4099 Iujt'ee
2121 4021 2191 4080 in
2238 4019 2453 4099 cyllen.
2537 4024 2740 4084 cneo.

431 4106 748 4187 Perperam
776 4115 1072 4170 autumas.
1115 4109 1230 4172 Per
1258 4109 1553 4193 Cyllenen
1580 4111 1738 4172 enim
1768 4110 2034 4172 Phoebus
2062 4123 2225 4174 reete
2262 4113 2458 4175 innuit
2494 4133 2739 4176 manum

433 4199 754 4280 Diopithis.
839 4199 960 4264 Sed
997 4213 1092 4264 est
1131 4202 1274 4264 mihi
1315 4203 1392 4262 de
1434 4213 1494 4264 te
1536 4203 1847 4266 oraculum
1888 4203 2135 4278 alatum,
2178 4215 2248 4266 ut
2287 4209 2489 4287 aquila
2507 4207 2643 4288 fios
2678 4217 2743 4270 et

432 4294 591 4360 omni
619 4300 802 4354 terrae
829 4295 1093 4374 imperes..
1179 4297 1262 4357 Is.
1305 4296 1455 4357 Mihi
1479 4304 1681 4358 autem
1708 4307 1778 4358 ut
1802 4307 1864 4359 et
1891 4309 2086 4372 terrae,
2114 4309 2177 4360 et
2220 4298 2532 4378 Erythraeo
2574 4299 2744 4375 mari,

431 4397 617 4465 utque
645 4384 706 4444 in
737 4385 1058 4448 Ecbatanis
1075 4389 1174 4468 jus
1205 4389 1474 4452 dicturus
1506 4389 1593 4449 eis
1632 4389 1904 4452 lambens
1944 4390 2220 4454 conditos
2262 4391 2455 4453 cibos.
2541 4394 2744 4456 Ceto.

432 4480 516 4542 At
543 4495 658 4558 ego
679 4477 1036 4546 insomnium
1065 4481 1204 4558 vidi,
1231 4494 1294 4546 et
1319 4481 1462 4570 mihi
1491 4481 1805 4546 videbatur
1832 4485 1965 4566 ipsa
1994 4485 2128 4546 Dea
2161 4505 2197 4558 e,
2228 4484 2435 4566 cotyla
2460 4484 2521 4546 in
2552 4505 2743 4568 popu·
