3059 5059
1354 632 1876 726 AVES.

1067 1020 1265 1087 DRA
1276 1019 1571 1088 MATIS
1645 1020 2150 1088 PERSONAE.

539 1158 947 1221 Eounnns.
1766 1157 2208 1217 Lnorsuron.

534 1252 1045 1313 Purus-menos·
1759 1248 2046 1309 Nun-ru.

532 1347 925 1407 Tnocmnus
937 1342 1217 1423 famulus
1248 1344 1499 1423 Epopr‘s.
1764 1343 1930 1401 Irus.

536 1440 768 1500 Erors.
1763 1434 2177 1496 Par-uteros.

532 1532 819 1592 Cnosos
848 1530 1107 1590 Avmu.
1759 1528 1886 1589 Cur
1900 1548 2105 1588 usus.

533 1624 1141 1685 Puoemcorrnnus.
1759 1623 2237 1681 Srcornssn.

532 1714 919 1777 Puaecouss.
1751 1714 2238 1775 Pitoura-runos.

532 1812 896 1871 SAcsnnos.
1757 1808 2146 1868 Num-nuos.

532 1904 778 1965 Pomm.
1749 1901 2166 1961 annsnnus.

534 1997 931 2057 Fxrxnrcus.
1759 1995 2145 2053 naeuus.

532 2090 747 2151 Mn‘ro.
1761 2088 2088 2147 Patronus
2130 2084 2506 2146 Pistltetaerr‘.

386 2248 401 2261 ,
530 2185 928 2244 lnsrncron.

1455 2296 1718 2375 [1—32]

454 2392 699 2482 Eun..
746 2420 1066 2481 ch'rsnr.
1100 2419 1300 2500 jubes,
1328 2438 1448 2499 qua
1488 2420 1662 2481 arbor
1705 2418 1808 2479 illa
1845 2416 2248 2499 conspicitur?
2330 2416 2562 2477 P1s'rrr.
2611 2416 2766 2477 Dis-

448 2514 777 2595 rumpatis!
832 2513 962 2574 haec
984 2512 1283 2574 enimvero
1310 2525 1467 2573 retro
1495 2512 1761 2573 eundum
1789 2530 1924 2573 esse
1961 2512 2231 2573 crocitat.
2317 2510 2523 2571 Eunt..
2567 2508 2762 2585 Quid,

450 2609 651 2682 miser,
680 2626 915 2668 sursum
957 2606 1233 2667 deorsum
1274 2606 1666 2667 oberramus?
1721 2605 2042 2685 peribimus
2087 2607 2304 2667 fmstra
2343 2605 2494 2665 viam
2537 2617 2762 2667 euntes

448 2700 907 2781 redeuntesque.
956 2700 1224 2777 ‘P1s‘rn.
1268 2698 1449 2759 Mene
1477 2719 1617 2761 vero
1639 2699 1916 2761 miserum
1939 2700 2156 2759 cornici
2201 2698 2598 2778 obsequutum
2641 2698 2764 2759 iter

448 2794 864 2857 decucurrisse
885 2794 1211 2854 stadiorum
1234 2793 1369 2872 plus
1397 2813 1577 2873 quam
1606 2792 1806 2855 mille!
1851 2792 2057 2853 Eum„
2088 2793 2272 2855 Mene
2289 2812 2428 2853 vero
2453 2792 2760 2853 infelicem

448 2890 694 2972 graculo
721 2890 1119 2968 obsequutum
1148 2887 1459 2948 detrivisse
1480 2906 1715 2967 ungues
1744 2886 2100 2966 digitorum!
2168 2886 2400 2947 Prsrn.
2429 2884 2612 2966 Atqui
2637 2905 2762 2947 nec

446 2983 550 3044 ubi
577 2994 863 3044 terrarum
898 2981 1085 3042 simus
1107 2981 1365 3060 amplius
1394 2980 1668 3060 equidem
1693 2980 1850 3041 novi.
1913 2980 2122 3043 Eun.
2155 2980 2448 3041 Hinccine
2475 2994 2540 3039 tu
2569 2980 2764 3059 patri-

448 3094 543 3137 am
587 3076 856 3135 invenias
911 3073 1177 3135 alicubi?
1271 3073 1503 3133 Prsrn.
1565 3074 1888 3153 Nunquam
1943 3073 2178 3135 hercle:
2230 3092 2308 3133 ne
2363 3072 2760 3133 Execestides

448 3168 689 3249 quidem
711 3168 852 3228 hinc
880 3167 1159 3228 inveniat.
1244 3166 1451 3227 Eum..
1478 3167 1588 3227 Vae
1617 3166 1796 3227 mihi!
1880 3166 2116 3228 Pis-ru.
2166 3168 2248 3227 At
2287 3178 2375 3241 tu,
2415 3167 2626 3239 amice,
2669 3168 2760 3227 is-

446 3272 571 3323 tam
598 3261 757 3323 viam
784 3256 1129 3339 ingreditor.
1202 3260 1411 3322 Euan.
1442 3260 1622 3321 Certe
1648 3260 1807 3321 malo
1835 3280 1946 3321 nos
1975 3261 2247 3323 multavit
2271 3260 2374 3321 ille
2412 3262 2488 3321 ab
2527 3262 2758 3322 aviario

448 3356 578 3415 foro
599 3355 796 3414 svium
818 3351 1092 3413 venditor
1115 3352 1485 3415 Philocrates
1529 3363 1662 3414 atra
1699 3352 1820 3414 bile
1862 3355 2166 3433 percitus:
2220 3356 2324 3436 qui
2367 3355 2528 3416 solas
2568 3355 2761 3419 hasce

442 3446 601 3507 inter
626 3464 833 3507 omnes
862 3464 1001 3506 aves
1031 3446 1179 3507 dixit
1206 3446 1376 3507 nobis
1418 3446 1648 3507 indices
1691 3447 1922 3507 futuras
1965 3468 2100 3509 esse
2142 3448 2312 3509 Terei
2358 3448 2606 3529 Epopis,
2645 3452 2756 3530 qni

446 3540 572 3601 ales
597 3540 793 3600 sactus
820 3549 934 3612 est,
958 3539 1343 3620 vendiditque
1370 3540 1553 3600 istum
1573 3539 1938 3602 Tharrelidoe
1979 3542 2286 3621 graculum
2326 3541 2537 3610 oboIoz
2590 3542 2756 3603 hanc

442 3653 583 3695 vero
610 3633 838 3694 tribus:
894 3644 957 3693 at
984 3633 1141 3693 enim
1168 3634 1435 3715 utrisque
1462 3632 1606 3694 nibil
1644 3633 1809 3695 aliud
1836 3634 1996 3696 inest
2023 3655 2203 3717 quam
2233 3636 2574 3697 morsicare.
2671 3637 2758 3698 Et

442 3725 588 3807 quid
618 3737 683 3787 tu
705 3744 865 3786 nunc
905 3724 1109 3787 hiante
1155 3746 1255 3787 ore
1304 3726 1696 3808 prospectas?
1753 3726 1940 3789 Estne
1977 3728 2148 3790 locus
2193 3726 2431 3808 aliquis,
2479 3748 2598 3808 quo
2645 3750 2760 3809 per

440 3832 641 3901 petras
670 3839 781 3881 nos
810 3816 1008 3879 adhuc
1035 3819 1267 3881 duces?
1307 3840 1426 3880 non
1456 3822 1614 3881 enim
1634 3821 1732 3883 hio
1761 3832 1856 3883 est
1882 3821 2006 3882 ulla
2023 3821 2138 3882 via.
2223 3821 2458 3882 P1srn.
2488 3821 2618 3883 Nec
2645 3824 2755 3903 pol

441 3914 541 3975 hic
561 3914 791 3995 uspiam
817 3927 911 3974 est
954 3914 1181 3975 semita.
1268 3914 1475 3975 Eum..
1532 3916 1626 3975 An
1677 3934 1872 3996 neque
1919 3916 2123 3977 cornix
2172 3915 2489 3996 quicquum
2531 3915 2607 3976 de
2655 3918 2756 3977 via

441 4006 632 4069 dicit?
713 4007 945 4069 Prs-ffl.
1002 4006 1183 4069 Non:
1237 4007 1447 4069 eadem
1495 4008 1696 4070 hercle
1751 4029 1915 4070 nunc
1981 4007 2233 4069 crocitat
2301 4019 2482 4089 utque
2545 4019 2752 4072 antea.

442 4100 652 4162 Eum„
682 4098 843 4170 Quid
869 4119 1014 4181 ergo
1041 4100 1117 4161 de
1145 4102 1244 4161 vis
1276 4100 1462 4162 dicit?
1547 4101 1782 4163 Prsrrr.
1827 4102 1989 4173 Quid
2030 4102 2188 4161 enim
2233 4101 2416 4175 aliud,
2458 4122 2640 4183 quam
2679 4122 2754 4165 se

439 4191 711 4255 rodendo
736 4195 1049 4261 abesursm
1078 4194 1225 4255 dicit
1248 4214 1415 4255 meos
1439 4194 1708 4275 digitos?
1791 4196 1998 4257 Eun..
2027 4194 2246 4258 Nonne
2286 4216 2426 4258 vero
2465 4198 2752 4257 miserum

443 4296 559 4363 est,
586 4307 719 4361 nos,
746 4286 851 4366 qui
872 4288 1143 4366 cupimus
1174 4287 1252 4349 ad
1280 4308 1488 4350 corvos
1530 4288 1637 4362 ire,
1679 4299 1744 4349 et
1782 4289 1846 4350 id
1878 4289 2003 4370 jam
2045 4291 2338 4364 molimur,
2381 4310 2500 4351 non
2543 4301 2750 4353 tamen

440 4382 706 4444 invenire
734 4399 913 4461 posse
941 4381 1097 4442 viam
1120 4380 1145 4441 ’ξ
1194 4382 1323 4442 Nos
1353 4382 1596 4455 etenim,
1624 4402 1661 4443 o
1688 4382 1817 4457 viri,
1847 4383 1947 4464 qui
1979 4383 2116 4443 huic
2145 4384 2399 4445 sermoni
2425 4384 2752 4458 interestiS,

441 4464 607 4536 haud
634 4472 930 4535 consimili
958 4477 1162 4537 morbo
1190 4476 1554 4554 laboramus,
1585 4485 1764 4558 atque
1791 4476 1888 4540 ille
1918 4487 2012 4540 est
2039 4478 2231 4540 Sacae.
2275 4478 2335 4539 Is
2357 4478 2534 4553 enim,
2557 4498 2748 4558 quum
