3059 5059
375 359 462 420 52
1109 360 1937 423 Aals‘roPHANts
2338 360 2705 443 [430—497

377 488 546 549 vobis
571 432 822 569 petofid
851 488 1162 569 paululum
1189 490 1474 570 quiddam
1503 503 1601 552 est
1618 492 1902 560 omnino:
1946 492 2219 553 nimirum
2248 504 2318 553 ut
2342 492 2595 553 Graecos
2634 492 2705 552 in

375 580 660 641 facultate
687 580 928 643 dicendi
953 582 1178 645 anteire
1204 584 1428 664 possim
1471 593 1715 645 centnm
1766 584 1999 646 stadiis.
2085 586 2303 647 Cuon.
2346 587 2535 645 Immo
2584 584 2707 645 erit

375 671 491 733 hoc
521 692 555 734 a
586 675 758 734 nobis
787 674 890 736 tibi
915 696 932 735 ε
973 676 1060 735 ita
1085 686 1154 735 ut
1169 676 1300 755 jam
1327 679 1404 736 ab
1433 676 1549 737 boc
1576 688 1844 757 tempore
1884 678 1945 737 in
1986 679 2300 739 sententiis
2346 698 2455 759 pro
2492 680 2705 739 conci-

373 784 490 827 one
517 766 789 828 dicendis
815 788 988 829 nemo
1011 780 1130 829 tam
1163 789 1326 849 saepe
1353 770 1557 830 vincat
1576 790 1755 849 quam
1788 784 1875 830 tu.
1940 772 2213 831 Srnnrs.
2260 772 2353 832 Ne
2384 772 2521 831 mibi
2548 789 2707 830 con-

375 860 573 941 tingat
593 860 670 921 de
700 861 904 923 arduis
934 864 1110 923 rebus
1139 864 1470 925 sententias
1501 862 1699 925 dicere
1724 882 1741 923 τ
1782 864 1938 923 istuc
1968 865 2123 923 enim
2152 864 2313 925 haud
2344 864 2561 944 cupiot
2590 862 2703 925 sed

377 964 610 1015 tantum
638 974 746 1035 pro
773 976 868 1015 me
896 954 1028 1035 ipso
1055 954 1191 1016 lites
1221 966 1576 1035 pervertere,
1618 967 1681 1017 et
1720 956 1873 1016 elabi
1916 978 1951 1017 e
1990 956 2265 1017 manibus
2316 956 2709 1017 creditorum.

379 1047 598 1108 cnon.
641 1048 1005 1129 Adipisceris
1035 1048 1216 1128 igitur
1245 1067 1384 1128 quoe
1415 1058 1633 1129 optas:
1678 1068 1797 1109 non
1829 1051 1983 1109 enim
2012 1050 2202 1127 ardua
2230 1050 2425 1130 cupis.
2490 1048 2615 1109 Sed
2642 1061 2707 1109 te

377 1140 574 1221 ipsum
597 1141 768 1202 trade
789 1140 1122 1222 intrepidus
1151 1142 1374 1201 nostris
1405 1140 1711 1202 ministris.
1796 1142 2071 1203 Srnus.
2120 1143 2359 1203 Faciam
2386 1141 2571 1213 istud,
2594 1162 2709 1201 vo-

375 1234 469 1293 bis
498 1235 724 1303 fretus3
769 1254 908 1294 nam
937 1245 1104 1314 urget
1137 1254 1232 1295 me
1271 1234 1603 1294 necessitas
1654 1242 1897 1314 propter
1944 1252 2133 1314 equos
2184 1234 2321 1295 illos
2368 1234 2711 1314 coppatias,

377 1336 442 1386 et
465 1327 834 1407 conjugium,
861 1326 1023 1407 quod
1059 1348 1151 1388 me
1181 1326 1466 1407 perdidit.
1511 1327 1689 1387 Nunc
1730 1347 1877 1405 ergo
1914 1340 2159 1387 utuntor
2208 1346 2302 1385 me
2345 1346 2589 1407 prorsus
2642 1338 2714 1386 ut

376 1418 582 1488 luben
611 1420 766 1480 istuc
795 1438 988 1479 meum
1015 1440 1230 1498 corpus
1257 1420 1406 1500 ipsis
1437 1419 1630 1494 trado,
1654 1420 1816 1499 quod
1844 1420 2184 1481 verberibus
2218 1420 2498 1493 tundant,
2525 1420 2713 1492 same,

377 1512 497 1583 siti,
527 1510 825 1592 squalore,
853 1512 992 1591 algu
1029 1512 1372 1585 conficiant,
1397 1532 1506 1594 pro
1536 1526 1667 1573 utre
1691 1514 2016 1584 excorient,
2059 1512 2239 1573 modo
2286 1532 2373 1575 ωε
2420 1512 2707 1593 effugiam

378 1604 656 1679 alienum,
685 1616 748 1666 et
771 1606 1110 1665 hominibus
1139 1605 1341 1665 videar
1371 1626 1506 1665 esse
1536 1604 1755 1677 audax,
1784 1606 2028 1685 loquax,
2058 1606 2430 1679 temerarius,
2454 1625 2703 1687 procax,

379 1696 696 1771 scelestus,
725 1697 1168 1759 mendaciorum
1199 1698 1666 1777 conglutinator,
1714 1698 1991 1758 inventor
2036 1694 2369 1772 verborum,
2413 1700 2589 1760 tritus
2638 1698 2703 1757 in

374 1789 602 1864 litibus,
626 1791 833 1851 tabula
861 1790 1086 1871 legum,
1113 1792 1563 1871 crepitaculum,
1590 1792 1821 1871 vulpes,
1850 1792 2104 1865 terebra,
2129 1792 2437 1863 subactus,
2460 1792 2709 1852 simula·

379 1893 501 1956 tor,
525 1882 810 1957 lubricus,
847 1902 1156 1963 arrogans,
1211 1894 1410 1955 cento,
1463 1884 1754 1964 impurus,
1802 1896 2097 1956 versutus,
2148 1884 2461 1958 molestus,
2509 1886 2707 1965 impu-

382 1974 557 2035 dens.
637 1974 828 2035 Modo
857 1975 950 2037 his
977 1996 1074 2037 me
1101 1976 1435 2039 nominibus
1465 1976 1729 2057 appellet
1753 1977 1963 2037 obvius
1992 1979 2269 2057 quisque,
2298 1977 2563 2039 faciunto
2604 1978 2709 2037 isti

379 2069 560 2149 plane
588 2068 750 2147 quod
785 2068 1058 2142 lubuerit,
1089 2079 1171 2140 et,
1206 2070 1256 2128 si
1289 2070 1518 2143 volunt,
1546 2072 1629 2130 ita
1656 2090 1751 2129 me
1778 2070 1964 2131 Ceres
1994 2082 2175 2142 amet,
2202 2090 2277 2129 ex
2300 2090 2391 2130 me
2424 2070 2709 2131 intestina

381 2162 698 2235 farciunto,
727 2173 790 2223 et
817 2162 1190 2223 scholasticis
1241 2162 1613 2242 adponunto.
1694 2164 1912 2224 Cnon.
1957 2164 2207 2223 Animus
2256 2160 2497 2243 quidem
2548 2161 2709 2222 inest

381 2254 523 2315 huic
551 2254 713 2315 haud
744 2254 1008 2330 timidus,
1040 2254 1146 2315 sed
1177 2268 1465 2333 promtus.
1510 2256 1681 2317 Scias
1706 2266 1901 2316 autem
1932 2255 2130 2329 ¹velim,
2160 2256 2209 2315 si
2251 2255 2383 2315 haec
2425 2253 2705 2314 didiceris

381 2367 422 2407 a
447 2368 564 2420 me,
593 2348 833 2418 famam,
863 2368 1000 2427 qnoe
1027 2347 1242 2407 coelum
1271 2350 1562 2428 adtingat,
1602 2350 1758 2408 inter
1792 2349 2065 2409 homines
2113 2359 2172 2408 te
2221 2360 2707 2409 consecuturum.

383 2441 662 2501 Stans.
699 2441 860 2509 Quid
894 2441 1035 2500 mibi
1063 2440 1341 2501 eveniet?
1425 2444 1639 2503 Cuon.
1685 2442 1867 2501 Omni
1908 2452 2175 2521 tempore
2213 2460 2444 2501 mecum
2486 2442 2709 2502 beatis·

387 2534 594 2593 simam
639 2532 819 2593 vitam
861 2553 1006 2613 ages
1052 2553 1206 2593 unus
1257 2535 1543 2595 omnium.
1630 2536 1907 2595 Srnsrs.
1956 2535 2045 2593 En
2090 2554 2351 2614 unquam
2394 2537 2549 2615 potis
2592 2534 2709 2593 erit
2762 2576 2777 2581 -

385 2626 532 2699 fieri,
561 2636 629 2685 ut
656 2625 810 2686 istuc
838 2626 1070 2686 videam
1095 2626 1121 2684 ’ἐ
1173 2628 1388 2686 Οιιοιι.
1422 2628 1514 2687 Ita
1542 2638 1609 2688 ut
1638 2629 1807 2688 multi
1838 2627 1915 2687 ad
1948 2627 2101 2687 fores
2133 2638 2267 2687 tuas
2307 2646 2537 2708 semper
2564 2627 2707 2688 sed-

383 2730 547 2795 eant,
575 2720 888 2800 cupientes
932 2731 990 2780 te
1032 2720 1371 2792 convenire,
1399 2730 1462 2780 et
1502 2729 1699 2781 tecum
1726 2721 2006 2799 colloqui,
2048 2730 2225 2800 atque
2266 2719 2707 2780 communicare

386 2824 508 2874 tuoe
549 2813 808 2874 solertim
851 2815 1094 2893 negotia
1134 2825 1196 2874 et
1241 2811 1376 2874 lites
1417 2812 1618 2873 multis
1667 2813 1907 2873 talentis
1958 2815 2312 2884 oestimatas,
2364 2813 2438 2873 de
2484 2814 2705 2891 quibus

385 2906 814 2967 consultabunt
841 2919 1060 2968 tecum.
1103 2909 1224 2970 Sed
1255 2910 1448 2990 incipe
1479 2928 1681 2967 senem
1728 2906 1943 2967 docere
1984 2906 2275 2985 quidquid
2316 2906 2707 2979 constituisti,

384 3009 450 3060 et
473 3000 658 3060 incita
687 3002 944 3061 animum
985 3003 1138 3081 ejus,
1190 3016 1252 3063 et
1295 3001 1496 3079 ingeni
1542 3001 1695 3060 vires
1746 2998 2013 3079 explora.
2095 3000 2242 3060 Soc.
2285 2999 2565 3079 Agedum
2606 2999 2709 3060 dic

385 3092 530 3153 mibi
559 3102 622 3151 tu
651 3092 954 3171 ingenium
985 3106 1175 3164 tuum,
1203 3094 1380 3175 quale
1411 3095 1488 3153 sit
1515 3113 1534 3160 ι
1578 3102 1647 3151 ut
1674 3092 2070 3172 illo'cognito‚
2100 3092 2405 3153 machinas
2448 3092 2706 3172 posthac

388 3203 578 3245 novas
607 3185 714 3245 tibi
740 3185 1110 3246 admoveam.
1167 3188 1440 3247 STnm’s.
1472 3184 1633 3254 Quid
1665 3185 1849 3245 vero?
1892 3206 2031 3246 num
2064 3204 2178 3257 me,
2206 3206 2313 3265 per
2341 3185 2506 3246 Deos
2528 3188 2709 3245 obse-

387 3298 514 3349 cro,
557 3289 840 3358 tanquam
895 3298 1126 3339 murum
1177 3298 1526 3359 oppugnare
1574 3278 1852 3357 cogitas?
1934 3279 2079 3339 Soc·
2132 3278 2313 3339 Non:
2362 3277 2469 3339 sed
2512 3298 2711 3358 pauca

387 3368 668 3450 quaedam
699 3370 1063 3450 interrogare
1087 3384 1146 3432 te
1175 3373 1332 3445 volo,
1363 3392 1438 3431 an
1469 3372 1754 3431 memoria
1783 3370 2030 3450 polleas.
2114 3371 2393 3433 Sram‘s,
2442 3372 2531 3431 lta
2576 3372 2715 3431 her—

385 3463 504 3536 cle,
541 3464 777 3541 gemino
805 3464 1006 3525 modo,
1094 3466 1247 3525 Nam
1281 3466 1330 3523 si
1363 3463 1504 3525 mihi
1536 3464 1845 3536 debeatur,
1888 3464 2210 3545 praepolleo
2251 3466 2571 3525 memoria:
2614 3465 2711 3524 sin

389 3556 558 3635 ipsus
587 3556 858 3630 debeam,
885 3557 982 3617 hei
1008 3558 1224 3618 misero
1253 3558 1434 3618 mihi!
1477 3576 1721 3635 prorsus
1762 3576 1893 3617 sum
1940 3557 2281 3619 obliviosus.
2363 3558 2511 3616 Soc.
2558 3558 2719 3617 Insi-

389 3659 590 3709 tamne
619 3648 806 3709 habes
835 3650 951 3709 vim
981 3650 1269 3711 dicendi?
1352 3650 1626 3710 Sranrs.
1670 3649 1851 3713 Haud
1880 3649 2119 3710 dicendi
2147 3649 2411 3730 quidem,
2448 3648 2553 3712 sed
2598 3648 2715 3709 de-

393 3742 730 3803 fraudandi.
811 3744 958 3803 Soc.
1003 3743 1322 3811 Quomodo
1351 3743 1529 3822 igitur
1560 3742 1780 3823 poteris
1823 3742 2101 3803 discere?
2183 3743 2462 3803 Srazrs.
2500 3741 2664 3801 Bene
2690 3762 2711 3802 t

391 3853 470 3895 ne
495 3834 580 3895 sis
609 3834 922 3897 sollicitus.
1009 3838 1156 3899 Soc.
1195 3837 1326 3917 Age
1355 3856 1541 3909 nunc,
1567 3835 1647 3896 da
1687 3854 1950 3916 operam,
1980 3845 2047 3895 ut
2086 3854 2267 3915 quum
2310 3834 2567 3916 primum
2608 3854 2715 3894 sa·

390 3928 647 4010 pientem
676 3928 936 4010 aliquam
965 3930 1357 4009 quaestionem
1398 3948 1786 4009 proposuero.
1810 3927 1889 3989 de
1932 3928 2110 3989 rebus
2157 3926 2525 4000 coelestibus,
2572 3946 2715 3987 eam

391 4022 690 4101 extemplo
741 4022 1008 4103 arripias.
1093 4022 1368 4083 Srnzrs.
1413 4021 1613 4089 Quid?
1658 4040 1803 4081 num
1844 4040 2059 4082 canum
2104 4022 2164 4080 in
2204 4040 2429 4081 morem
2470 4019 2715 4099 sapien-

391 4114 535 4175 tiam
563 4114 919 4179 comedam?
1002 4118 1144 4177 Soc.
1191 4116 1390 4177 Homo
1413 4115 1526 4175 iste
1558 4115 1813 4176 rusticus
1838 4124 1935 4175 est
1960 4124 2023 4174 et
2046 4114 2353 4175 barbarus.
2398 4113 2643 4185 Vereor,
2672 4132 2715 4172 ο

393 4226 597 4280 senex,
629 4226 704 4267 ne
731 4207 925 4287 plagis
954 4208 1245 4289 indigeas.
1288 4210 1420 4289 Age
1447 4207 1706 4283 videam,
1732 4206 1877 4287 quid
1908 4207 2117 4280 facias,
2147 4208 2197 4267 si
2224 4206 2360 4285 quis
2403 4214 2463 4265 te
2503 4206 2719 4266 verbe-

393 4302 525 4365 ret?
590 4300 867 4361 Srnsrs.
898 4301 1212 4362 Verberor.
1257 4302 1492 4362 Deinde
1511 4302 1613 4362 ubi
1644 4320 1737 4363 me
1766 4300 2075 4383 paululum
2101 4301 2391 4371 continui,
2414 4308 2682 4359 antestor
2702 4318 2725 4359 t

395 4394 614 4455 deinde
641 4394 740 4453 ubi
771 4412 974 4454 rursus
1003 4393 1330 4475 pauxillum
1355 4395 1662 4467 intermisi,
1692 4396 1749 4454 in
1782 4396 1884 4475 jus
1934 4412 2101 4455 voco.
2186 4394 2331 4453 Soc.
2374 4392 2505 4471 Age
2554 4410 2721 4450 nune

393 4486 632 4571 depone
657 4496 907 4549 vestem.
991 4488 1267 4550 Srnm’s.
1313 4489 1466 4559 Quoe
1497 4488 1603 4549 tibi
1651 4508 1689 4547 a
1733 4507 1829 4548 me
1875 4487 2035 4549 sacta
2074 4498 2173 4548 est
2222 4482 2485 4567 injuria?
2565 4482 2723 4546 Soc.
