3059 5059
476 373 591 443 120
1226 360 2033 424 ARISTOPHANIS
2457 363 2764 444 &eos-147

464 500 780 582 prolapsus
804 495 1057 558 amisisti
1084 491 1497 558 coturnicem?
1562 494 1795 556 Prii-m.
1821 495 1960 556 Non
1987 491 2272 576 equidem
2297 493 2518 556 hercle.
2559 491 2656 552 Eu
2667 507 2769 550 ει.

470 595 583 656 Ubi
604 589 935 673 igiturest?
1021 589 1255 650 Pis-ru.
1288 587 1600 652 Avolavit..
1649 588 1856 650 Eun..
1888 588 2024 650 Non
2054 607 2200 668 ergo
2219 588 2488 658 amisisti,
2509 606 2548 648 o
2575 583 2770 646 bone?

358 679 371 692 ⁸
452 707 643 767 ,quam
676 685 825 746 virili
852 703 919 746 es
944 683 1180 744 animo!
1264 681 1383 743 ΕΡ.
1415 681 1596 761 Aperi
1627 681 1862 754 silvam,
1887 694 1954 742 ut
1980 701 2186 744 exeam
2213 682 2482 743 tandem.
2563 680 2772 740 Euat..

468 780 522 838 Ο
550 777 873 842 Hercules!
932 775 1047 836 hoc
1070 775 1217 855 quid
1237 773 1478 835 tandem
1508 784 1603 834 est
1625 773 1940 837 animalis?
1996 794 2274 854 quoenam
2316 775 2449 836 hoee
2489 785 2586 836 est
2623 791 2774 854 pen-

448 891 855 950 .narum,quae
884 867 1131 949 triplicis
1160 868 1357 930 eristae
1402 866 1602 928 ratio?
1685 868 1800 928 ΕΡ.
1854 868 2114 937 Quinam
2164 868 2248 928 illi
2299 879 2462 942 sunt,
2517 865 2620 948 qui
2673 883 2772 926 me

464 962 783 1044 querunt?
870 964 1076 1024 Eusr..
1120 963 1458 1023 Consentes
1486 959 1627 1021 Dii.
1660 1005 1677 1022 .
1707 1000 1724 1019 .
1758 1004 1775 1021 .
1807 961 1910 1040 qui
1938 971 1998 1021 te
2028 961 2182 1022 male
2223 962 2520 1023 mulcasse
2562 958 2772 1021 viden-

462 1069 577 1120 tur.
662 1057 775 1118 ΕΡ.
831 1055 989 1118 Num
1044 1055 1185 1118 mihi
1227 1053 1498 1127 illuditis,
1543 1054 1788 1114 formam
1833 1053 2104 1117 videntes
2154 1053 2423 1116 alarum?
2483 1051 2774 1133 Equidem

462 1170 646 1224 eram,
674 1150 968 1232 hospites,
991 1148 1248 1212 antehac
1276 1147 1473 1208 bomo.
1562 1147 1772 1208 Eum..
1793 1147 1926 1207 Tibi
1956 1167 2074 1208 non
2107 1149 2438 1210 irridemus.
2511 1147 2624 1208 ΕΡ.
2654 1145 2772 1206 Cui

462 1242 655 1324 ergo?
742 1244 952 1306 Eum..
983 1245 1266 1304 Rostrum
1296 1250 1463 1302 tuum
1491 1241 1664 1301 nobis
1693 1239 2008 1301 ridiculum
2037 1240 2289 1303 videtur.
2373 1242 2491 1300 ΕΡ.
2523 1239 2770 1300 Talibus

464 1356 610 1416 ergo
652 1337 981 1416 Sophocles
1026 1335 1253 1418 injuriis
1301 1334 1509 1395 adlicit
1565 1334 1626 1392 in
1681 1333 2014 1414 Tragoediis
2059 1353 2154 1394 me
2205 1336 2477 1396 Tereum.
2561 1334 2774 1394 Eum..

461 1432 631 1498 Tune
654 1431 853 1511 itaque
877 1431 1101 1492 Tereus
1148 1428 1261 1490 es?
1310 1441 1506 1488 utrum
1556 1426 1681 1486 ales
1705 1447 1784 1486 an
1827 1427 2032 1507 pavo?
2115 1427 2232 1488 ΕΡ.
2279 1428 2424 1489 Ales
2469 1427 2768 1507 equidem.

466 1525 671 1586 Eum..
727 1525 811 1584 At
834 1523 995 1586 enim
1022 1524 1121 1584 ubi
1177 1522 1281 1584 tibi
1340 1531 1482 1583 sunt
1537 1518 1799 1601 penum?
1883 1520 2000 1584 ΕΡ.
2057 1521 2473 1584 Defluxerunt.
2556 1522 2766 1582 Eun..

462 1618 638 1678 Anne
686 1619 891 1680 morbo
949 1615 1200 1698 aliquo?
1282 1615 1401 1676 ΕΡ.
1458 1613 1727 1676 Minime.
1811 1613 1950 1688 Sed,
1989 1613 2184 1676 hieme
2237 1615 2470 1676 cunetis
2525 1613 2770 1675 alitibus

462 1731 677 1792 pennae
707 1709 1012 1780 defluuntz
1042 1711 1375 1788 iterumque
1396 1707 1532 1768 alioe
1569 1718 1953 1769 enascuntur.
2040 1707 2163 1768 Sed
2191 1707 2436 1770 dicitote
2465 1707 2629 1780 mibi,
2655 1725 2766 1768 vos

462 1804 705 1884 quinam
744 1803 937 1864 estis?
1020 1805 1228 1864 Euat..
1260 1800 1433 1862 Nos?
1489 1800 1768 1862 mortales
1801 1820 2031 1864 sumus.
2117 1801 2232 1862 ΕΡ.
2271 1801 2518 1882 Cujates
2547 1798 2770 1880 gente?

466 1897 675 1958 Eum..
738 1896 909 1958 Unde
966 1898 1235 1957 triremes
1288 1895 1409 1952 illoe
1465 1894 1732 1972 pulchrae
1789 1903 1953 1952 sunt.
2041 1894 2156 1953 ΕΡ.
2217 1895 2374 1954 Num
2433 1891 2770 1955 Heliastoe?

465 1990 672 2051 Eum..
724 1989 993 2050 Minime.
1079 1988 1199 2049 Sed
1228 1985 1471 2048 alterius
1499 1985 1706 2059 moris,
1743 1985 2090 2065 Apeliastoe.
2179 1987 2294 2048 ΕΡ.
2340 1987 2642 2048 Seriturne
2685 1985 2770 2046 ibi

460 2084 611 2146 illud
640 2082 887 2145 semen?
972 2083 1179 2142 Eum..
1220 2080 1373 2140 Toto
1402 2079 1463 2138 in
1487 2097 1632 2158 agro
1663 2079 1714 2138 si
1741 2097 1997 2159 quaeras,
2039 2079 2368 2159 pauxillum
2409 2080 2548 2141 inde
2589 2081 2770 2142 feres.

464 2178 579 2238 ΕΡ.
623 2176 811 2255 Cujus
862 2175 1061 2255 itaque
1116 2174 1199 2235 rei
1256 2172 1598 2253 indigentes
1645 2171 1761 2234 buo
1813 2170 2108 2232 venistis?
2218 2173 2427 2236 Eum..
2481 2173 2566 2234 Te
2620 2193 2770 2234 con·

460 2269 661 2331 venire
690 2270 1020 2351 cupientes.
1105 2267 1221 2328 ΕΡ.
1274 2267 1415 2336 Qua
1462 2265 1540 2326 de
1581 2264 1690 2324 re?
1775 2265 1986 2328 Euan.
2032 2262 2190 2334 Quia
2237 2267 2487 2348 primum
2527 2267 2770 2348 quidem

462 2363 601 2424 olim
633 2361 811 2424 homo
840 2362 1025 2434 fuisti,
1058 2362 1139 2422 uti
1174 2379 1324 2426 nos:
1378 2367 1808 2439 argentumque
1836 2360 1976 2420 item
1999 2359 2260 2421 debuisti
2287 2361 2453 2435 olim,
2487 2361 2574 2421 uti
2615 2377 2770 2429 nos:

461 2457 639 2537 idque
666 2457 719 2516 si
748 2475 867 2516 non
898 2455 1200 2527 redderes,
1228 2453 1537 2533 gaudebas
1566 2451 1732 2524 olim,
1759 2452 1846 2513 uti
1872 2471 2020 2514 nos:
2069 2453 2288 2516 deiude
2311 2474 2450 2516 vero
2477 2457 2536 2516 in
2569 2455 2766 2516 avium

462 2570 784 2612 conversus
812 2561 1105 2622 naturam,
1131 2559 1194 2609 et
1220 2560 1434 2608 terram
1460 2545 1904 2608 circumvolasti
1933 2557 1995 2607 et
2023 2566 2220 2614 mare:
2260 2558 2322 2608 et
2353 2548 2574 2620 omnia,
2597 2569 2768 2628 qum-

462 2662 701 2724 cunque
727 2641 933 2715 homo,
960 2662 1218 2723 qumque
1245 2641 1395 2712 avis,
1420 2639 1707 2721 pernosti.
1795 2639 1886 2700 Eo
1915 2639 2094 2719 igitur
2115 2640 2418 2720 supplices
2443 2640 2522 2702 ad
2549 2655 2608 2702 te
2647 2641 2768 2702 hue

462 2739 753 2809 venimus,
783 2737 1041 2816 siquam
1072 2735 1241 2795 nobis
1284 2735 1487 2794 urbem
1530 2733 1794 2794 indicare
1823 2733 2048 2794 babeas
2091 2735 2396 2804 tenellam,
2429 2733 2526 2794 cui
2571 2733 2772 2796 molli·

461 2841 575 2904 ter,
604 2841 673 2891 ut
700 2831 763 2890 in
790 2829 1016 2890 villosis
1042 2829 1349 2908 stragulis,
1376 2828 1750 2888 incubemus.
1835 2827 1951 2888 ΕΡ.
1999 2828 2166 2890 ltane
2196 2828 2478 2909 majorem
2515 2828 2768 2890 Athenis

462 2925 669 2986 urbem
692 2922 959 3003 queris?
1036 2923 1245 2983 Eum..
1278 2921 1412 2982 Non
1432 2920 1676 3001 quidem
1705 2921 2008 3000 majorem,
2037 2923 2144 2982 sed
2189 2923 2360 2984 nobis
2401 2921 2768 2984 commodio-

462 3037 611 3080 rem.
696 3017 812 3078 ΕΡ.
846 3017 1056 3078 Palam
1080 3028 1175 3078 est
1190 3015 1632 3076 aristocratiam
1661 3025 1720 3076 te
1748 3034 2038 3095 quaerere.
2124 3016 2333 3078 Euan.
2377 3015 2632 3096 Egone?
2657 3016 2770 3078 mi-

463 3111 643 3172 nime.
725 3111 883 3181 Quin
912 3109 1151 3171 Seellioe
1180 3109 1364 3170 fllium
1392 3109 1722 3169 abominor.
1807 3107 1922 3169 ΕΡ.
1951 3108 2206 3178 Qualem
2241 3129 2386 3190 ergo
2427 3110 2772 3176 lubentissi-

466 3221 561 3266 me
579 3203 857 3266 habitetis
906 3203 1155 3264 urbem?
1241 3203 1447 3264 ΕυΡι..
1498 3201 1614 3262 Ubi
1671 3220 1904 3262 summa
1953 3203 2074 3264 sint
2128 3202 2424 3283 ejusmodi
2482 3205 2764 3283 negotia:

468 3317 631 3362 meas
660 3299 903 3359 veniens
933 3297 1012 3358 ad
1039 3298 1199 3358 fores
1222 3314 1395 3356 mane
1424 3295 1638 3375 aliquis
1667 3295 1988 3356 amicorum
2017 3295 2148 3358 boee
2190 3297 2334 3358 mibi
2375 3296 2522 3358 talia
2561 3296 2768 3359 dicat:

470 3391 601 3452 Per
624 3391 825 3452 Jovem
856 3391 1191 3470 Olympium
1219 3409 1387 3470 rogo.
1418 3398 1489 3450 stt
1518 3408 1641 3450 una
1665 3409 1882 3450 mecum
1907 3392 1992 3450 sis
2015 3399 2073 3451 rt
2101 3397 2192 3462 tn,
2221 3391 2426 3472 tuique
2453 3391 2650 3460 liberi,
2677 3391 2766 3451 Io-

470 3486 523 3544 ts'
572 3486 822 3564 tempori
841 3503 863 3542 .·
911 3485 1114 3564 epulas
1156 3484 1309 3544 enim
1354 3482 1660 3562 nuptiales
1706 3483 2106 3544 celebraturus
2138 3503 2264 3544 sum
2287 3506 2310 3542 .·
2363 3503 2542 3564 neque
2585 3484 2770 3546 aliter

470 3577 948 3658 omninoseceris
966 3598 987 3634 .-
1038 3579 1135 3638 sr'n
1162 3579 1380 3650 minus,
1408 3595 1479 3636 ne
1505 3576 1590 3638 od
1615 3596 1701 3636 urs
1725 3584 1869 3636 tunc
1895 3577 2140 3649 invisas,
2175 3597 2350 3657 quum
2399 3597 2493 3636 res
2517 3577 2768 3658 suerint

468 3669 749 3730 adverse.
836 3671 953 3730 ΕΡ.
984 3669 1209 3750 Edepol
1241 3691 1335 3731 noe
1361 3683 1423 3732 tu
1452 3667 1871 3730 miserabilium
1909 3689 2096 3730 rerum
2141 3671 2466 3751 cupiditate
2508 3672 2767 3733 duceris.

472 3763 631 3832 Quid
662 3783 797 3825 vero
821 3762 928 3824 tu?
972 3762 1203 3825 P1srn.
1232 3765 1413 3824 Haud
1443 3763 1757 3824 dissimilia
1788 3773 1849 3822 et
1875 3764 2044 3846 ipsus
2073 3783 2231 3824 amo.
2277 3765 2388 3826 ΕΡ.
2421 3764 2716 3833 Quoenarn
2741 3763 2768 3824 2

473 3855 703 3917 Pisa-n.
734 3857 849 3917 Ubi
883 3857 1019 3937 quis
1050 3857 1189 3916 mibi
1218 3859 1427 3917 obvius
1458 3857 1589 3917 boec
1617 3858 1954 3937 exprobret,
1985 3871 2268 3938 tanquam
2310 3857 2524 3938 injuria
2565 3857 2766 3918 adsec-

469 3960 588 4023 tus,
610 3951 776 4032 pueri
806 3951 1045 4013 formosi
1090 3960 1293 4030 pater:
1356 3951 1624 4032 Egregie
1676 3971 1810 4012 vero
1853 3951 2004 4012 stilai
2033 3949 2268 4032 filium,
2320 3972 2356 4012 ο
2411 3951 2766 4024 Stilbon-ide,

468 4061 647 4122 quun
674 4044 899 4106 obvians
929 4043 1163 4114 haberes
1186 4045 1517 4107 redeuntem
1546 4064 1584 4104 a
1619 4045 1937 4125 gymnasio
1979 4043 2184 4118 lotum
2221 4065 2344 4106 nors
2384 4044 2582 4106 osculo
2623 4047 2766 4104 teti-

462 4138 642 4216 δίαιτ’,
670 4157 793 4198 nors
820 4138 1131 4200 adlocutus
1178 4160 1255 4210 es,
1312 4157 1435 4198 nors
1490 4137 1759 4207 illexisti,
1811 4155 1992 4218 neque
2043 4138 2344 4202 testiculos
2389 4139 2766 4210 adtrectata,

466 4251 646 4312 qm
672 4233 821 4292 minu·
838 4239 1133 4312 paternus
1156 4234 1238 4291 sis
1264 4233 1534 4292 amicus!
1617 4230 1728 4291 ΕΡ.
1775 4228 1981 4302 Miser,
2027 4244 2256 4312 quanta
2303 4231 2534 4315 expetis
2565 4230 2764 4292 mala!

468 4323 579 4386 sed
626 4325 855 4386 interim
897 4335 1014 4395 est,
1060 4323 1295 4403 qualern
1344 4325 1561 4396 dicitis,
1610 4324 1788 4383 beata
1829 4323 2040 4386 civitas
2087 4335 2330 4406 propter
2385 4325 2760 4404 Erytbroeum

468 4435 647 4476 mare.
734 4415 938 4476 Eun..
968 4415 1081 4476 Hei
1109 4417 1293 4479 mihil
1346 4435 1724 4498 nequaquam
1771 4418 1942 4478 nobis
1987 4417 2338 4480 maritimam
2387 4419 2594 4478 urbem
2635 4437 2764 4478 me-

466 4526 681 4580 mores,
710 4508 803 4569 ubi
834 4511 1142 4590 apparebit
1167 4511 1487 4574 calatorem
1530 4509 1749 4570 vehens
1793 4529 2024 4570 summo
2067 4531 2240 4572 mane
2285 4512 2606 4574 Salaminia
2653 4529 2762 4572 na-
