3059 5059
436 380 545 440 138
1152 371 1965 437 ARIST-OPHAle
2285 377 2718 454 [1172-1235

424 507 673 570 nissima
698 507 870 568 nobis
920 507 1282 569 acciderunt.
1372 507 1608 566 Illorum
1665 507 1823 567 enim
1873 503 2086 586 aliquis
2135 505 2238 585 qui
2295 506 2454 586 apud
2507 507 2720 568 Jovem

424 609 591 671 sunt.
622 598 863 660 deorum
882 599 1009 680 jam
1036 600 1215 661 modo
1242 620 1346 680 per
1373 611 1576 682 portas
1609 599 1890 660 involavit
1913 599 1972 660 in
2005 601 2220 672 aetem,
2261 599 2414 660 clam
2459 601 2719 678 graculis

428 694 531 776 qui
558 693 835 755 excubias
862 703 1049 774 agunt
1072 693 1338 756 diurnas.
1424 692 1658 753 Pisa-11.
1702 693 1757 752 Ο
1787 713 1966 772 quam
1995 693 2279 753 nefarium
2309 703 2370 752 et
2409 691 2720 773 indignum

424 787 765 866 designavit
814 787 1084 848 facinus!
1141 787 1291 858 Quis
1344 785 1636 848 deorum?
1717 785 1940 846 Nun-r.
1993 787 2074 846 11.
2125 787 2514 864 Ignoramus:
2557 787 2724 867 quod

426 889 625 940 autem
678 878 805 939 alas
860 863 1125 954 haberet,
1178 880 1295 940 hoc
1345 889 1580 940 tantum
1635 879 1878 938 scimus.
1982 878 2214 938 Pisrn.
2274 878 2490 940 Nonne
2546 881 2726 959 igitur

426 973 739 1052 oportebat
763 973 1099 1034 circuitores
1148 972 1445 1052 extemplo
1494 972 1779 1032 adversus
1829 991 1963 1030 eum
2009 973 2242 1031 mittere
2261 971 2289 1029 2
2370 971 2591 1032 Nun-r.
2637 973 2718 1036 11.

423 1065 611 1145 Atqui
636 1066 903 1126 misimus
930 1066 1175 1146 triginta
1200 1065 1361 1126 mille
1402 1065 1740 1144 accipitres,
1781 1065 2122 1144 sagittarios
2163 1065 2434 1146 equites:
2488 1064 2719 1128 discur-

424 1168 566 1218 sant
592 1158 930 1238 quicunque
958 1178 1169 1220 curvos
1196 1159 1419 1219 habent
1441 1178 1697 1238 ungues,
1719 1157 1886 1230 strix,
1915 1159 2115 1230 buteo,
2155 1157 2469 1230 vulturius,
2491 1161 2718 1240 cymin-

426 1250 540 1323 dis,
568 1250 805 1330 aquila:
854 1251 1161 1313 celerrimo
1194 1261 1383 1322 motu,
1430 1251 1778 1330 alarumque
1821 1249 2169 1310 stridoribus
2211 1251 2402 1312 aether
2439 1251 2722 1332 agitatur,

420 1341 566 1404 dum
598 1342 747 1404 deus
775 1345 1121 1424 inquiritur:
1178 1363 1369 1422 neque
1394 1343 1602 1423 procul
1633 1347 1824 1416 abest,
1860 1343 1966 1404 sed
1995 1344 2114 1416 hic,
2140 1343 2202 1404 ni
2229 1344 2423 1417 fallor,
2444 1344 2570 1425 jam
2609 1359 2724 1406 est.

424 1434 658 1498 Pura.
688 1437 847 1517 Ergo
872 1437 1092 1497 fundas
1116 1456 1329 1516 capere
1358 1446 1596 1516 oportet
1621 1449 1682 1496 et
1722 1455 1918 1496 arcus.
2000 1436 2138 1497 Huc
2181 1423 2434 1498 accedat
2471 1439 2722 1520 quicun-

424 1547 541 1608 que
570 1528 869 1590 minister:
926 1548 1101 1590 nemo
1128 1549 1249 1620 non
1276 1529 1532 1609 sagittas
1567 1531 1796 1588 mittat:
1853 1527 2099 1590 fundam
2145 1530 2286 1591 mihi
2335 1530 2550 1611 aliquis
2598 1531 2720 1593 det.

425 1621 643 1684 Cnoa.
672 1621 907 1683 Bellum
933 1623 1136 1696 oritur,
1163 1622 1389 1682 bellum
1416 1621 1748 1696 infandum,
1773 1624 1924 1682 inter
1951 1643 2044 1682 me
2071 1635 2134 1683 et
2171 1622 2343 1685 deos.
2425 1627 2507 1685 At
2545 1626 2720 1706 quili-

421 1716 529 1778 bet
566 1715 871 1776 custodiat
910 1717 1103 1778 a'e'rem
1146 1715 1401 1776 nubibus
1444 1715 1791 1789 obductum,
1835 1735 2010 1794 quem
2055 1716 2282 1776 Erebus
2325 1718 2564 1798 genum
2609 1737 2720 1781 nec

424 1807 585 1870 ullus
614 1807 857 1870 deorum
885 1808 1039 1870 clam
1070 1820 1129 1869 te
1158 1809 1271 1869 hac
1300 1829 1365 1869 se
1390 1819 1693 1889 penetret:
1751 1809 2004 1888 quisque
2049 1829 2189 1870 vero
2235 1811 2479 1872 intentis
2527 1814 2720 1874 oculis

424 1900 899 1982 circumspectet.
987 1902 1143 1962 Nam
1171 1921 1353 1981 prope
1385 1902 1509 1980 jam
1553 1913 1646 1961 est
1699 1901 1846 1964 deus
1903 1901 2190 1976 sublimis,
2247 1905 2720 1986 agitaturumque

424 1992 653 2057 alarum
700 1995 929 2054 sonitus
958 1994 1292 2056 exauditur.
1376 1995 1610 2056 szrn.
1641 1994 1810 2056 Heus
1837 2007 1924 2070 tu,
1965 2015 2106 2075 quo,
2153 2016 2294 2076 quo,
2340 2017 2463 2077 quo
2506 1998 2720 2058 volas?

422 2103 598 2148 mane
624 2086 847 2166 quieta,
874 2097 1004 2148 esto
1032 2088 1295 2159 immota,
1339 2088 1433 2147 hic
1476 2086 1758 2160 consiste,
1799 2087 2028 2148 sustine
2067 2108 2324 2151 cursum.
2407 2092 2560 2160 Quae
2601 2113 2668 2153 es
2691 2093 2720 2151 2

420 2177 638 2257 cujas?
690 2181 825 2240 Jam
852 2181 1049 2241 dicere
1077 2183 1409 2261 oportebat,
1438 2181 1600 2241 unde
1629 2181 1870 2242 tandem
1899 2182 2124 2243 venias.
2209 2183 2308 2245 In.
2358 2183 2411 2242 A
2451 2183 2562 2244 diis
2601 2205 2720 2267 ego

420 2271 661 2352 quidem
682 2273 996 2354 Olympiis.
1077 2275 1314 2336 Pis-ru.
1344 2273 1580 2334 Nomen
1609 2285 1806 2335 autem
1841 2274 2146 2354 quodnam
2189 2277 2296 2335 tibi
2339 2276 2476 2337 est?
2527 2280 2718 2354 navis,

422 2381 501 2426 un
528 2365 815 2445 petasus?
894 2369 993 2428 112.
1028 2367 1137 2428 Iris
1174 2368 1367 2428 velox.
1451 2366 1685 2428 Pis-ru.
1731 2367 2004 2440 Paralus,
2045 2388 2124 2429 an
2165 2369 2530 2429 Salaminia?
2613 2371 2712 2435 In..
2777 2406 2787 2415 ·

421 2457 561 2522 Hoc
580 2469 778 2521 autem
798 2461 945 2542 quid
972 2461 1055 2522 rei
1082 2460 1217 2522 est?
1302 2461 1534 2522 Pis-tn.
1565 2459 1741 2520 Hanc
1769 2479 1966 2522 nonne
2005 2461 2218 2541 aliquis
2255 2462 2720 2542 comprehendet

418 2552 745 2613 subvolans
776 2554 956 2615 buteo
984 2556 1135 2614 bene
1161 2553 1538 2635 peculiatus?
1597 2555 1693 2614 ln.
1725 2553 1904 2614 Mene
1925 2555 2430 2634 comprehendet?
2481 2557 2626 2638 quid
2653 2559 2718 2618 id

419 2645 665 2707 tandem
692 2657 785 2706 est
826 2647 1013 2708 mali?
1095 2648 1325 2708 Pisrn.
1374 2646 1632 2707 Multum
1679 2643 1967 2728 plorabis.
2053 2647 2148 2708 Ia.
2193 2649 2472 2710 Absurde
2513 2651 2722 2731 utique

420 2736 557 2800 haec
620 2757 715 2798 res
776 2752 889 2802 est.
972 2740 1206 2804 Pis-ru.
1258 2740 1374 2800 Per
1428 2759 1720 2820 quasnam
1771 2753 1973 2820 portas
2031 2743 2237 2801 urbem
2295 2742 2566 2823 ingressa
2631 2765 2722 2818 ea,

422 2830 863 2897 scelestissima.
970 2835 1070 2894 Ia..
1128 2834 1349 2894 Nescio
1402 2845 1640 2894 ecastor
1693 2833 1970 2912 equidem
2013 2854 2118 2914 per
2159 2853 2448 2913 quasnam
2491 2847 2718 2918 portas.

422 2921 657 2984 Pis-ru.
687 2925 1084 3002 Audin’eam,
1138 2939 1208 2987 ut
1261 2945 1373 2986 nos
1430 2925 1608 2988 ludos
1663 2925 1847 2987 facit?
1907 2925 2166 2988 adiistin’
2215 2927 2292 2987 ad
2343 2929 2720 3008 graculorum

421 3016 781 3096 prefectos?
834 3018 983 3098 quid
1026 3019 1154 3080 ais?
1200 3019 1540 3098 sigillumne
1583 3019 1770 3080 habes
1802 3039 1838 3080 a
1877 3020 2171 3080 ciconiis?
2253 3021 2352 3082 Ia.
2395 3023 2559 3092 Quid
2599 3024 2716 3086 hoc

422 3120 521 3170 est
560 3109 745 3170 mali?
827 3111 1063 3174 Pssrn.
1107 3112 1244 3171 Non
1288 3111 1618 3190 accepisti?
1702 3113 1796 3174 Ia.
1836 3113 2022 3174 Satiu’
2063 3133 2248 3174 sanus
2289 3114 2400 3176 es?
2483 3115 2718 3178 Pis-ra.

425 3201 637 3281 Neque
674 3204 1003 3286 symbolum
1056 3205 1213 3265 ullus
1268 3204 1375 3264 tibi
1426 3205 1624 3264 avium
1677 3204 1918 3266 immisit
1963 3207 2302 3287 praefectus,
2359 3208 2460 3288 qui
2519 3221 2720 3271 tecum

424 3294 645 3356 fuerit?
708 3299 804 3357 Is..
836 3297 1088 3358 Ecastor
1132 3296 1275 3357 mihi
1318 3297 1520 3356 nullus
1573 3297 1832 3370 immisit,
1879 3318 1916 3358 o
1971 3301 2155 3361 fatue.
2239 3301 2472 3361 Pisrir.
2530 3301 2608 3361 Et
2655 3315 2722 3364 tu

424 3397 650 3461 tamen,
671 3408 895 3467 quoeso,
926 3391 1013 3451 sic
1036 3391 1215 3452 tacite
1242 3389 1578 3450 transvolas
1601 3410 1708 3470 per
1735 3392 1940 3451 urbem
1971 3390 2222 3452 alienam
2249 3404 2312 3452 et
2337 3394 2574 3454 serem?
2619 3397 2716 3458 Ιιι.

426 3477 570 3547 Qua
614 3479 771 3541 enim
818 3483 937 3543 alia
991 3483 1088 3543 via
1143 3482 1291 3546 deos
1338 3482 1540 3543 volare
1591 3483 1866 3562 oportet?
1949 3483 2182 3544 Prsrn.
2231 3484 2400 3545 Illud·
2439 3487 2718 3567 equidem

422 3569 627 3632 hercle
648 3573 891 3653 ignoro:
942 3576 1057 3636 hac
1084 3575 1323 3655 quidem
1348 3585 1509 3635 certe
1537 3593 1682 3636 non.
1767 3575 1930 3644 Quin
1957 3597 2116 3638 nunc
2158 3578 2334 3638 etiam
2373 3579 2586 3658 injuria
2629 3601 2718 3642 es.

426 3663 510 3724 At
530 3664 773 3728 hoccine
800 3669 939 3742 scis,
962 3679 1021 3730 te
1042 3688 1221 3729 unam
1246 3668 1511 3730 omnium
1542 3669 1762 3729 Iridum
1791 3689 2020 3730 summo
2053 3669 2188 3749 jure
2227 3671 2716 3752 comprehensam

420 3757 613 3824 fuisse
632 3763 1056 3836 morituram,si
1074 3762 1311 3843 quidem
1340 3783 1418 3824 ex
1444 3763 1654 3822 merito
1689 3761 2072 3842 plecteretis?
2135 3764 2233 3824 Ia.
2256 3763 2444 3844 Atqui
2477 3764 2717 3828 immor-

421 3853 565 3915 talis
590 3876 746 3917 sum.
828 3856 1061 3917 Prsrn.
1103 3860 1187 3918 At
1212 3857 1297 3918 sic
1326 3869 1523 3916 tamen
1554 3855 1853 3937 periisses.
1940 3856 2319 3918 Intoleranda
2345 3859 2500 3918 enim
2541 3860 2718 3922 nobis

424 3949 723 4025 eveniant,
750 3969 883 4010 mea
908 3949 1222 4022 sententia,
1252 3949 1302 4010 si
1342 3949 1558 4010 ceteris
1600 3947 1838 4028 quidem
1879 3948 2320 4030 imperitemusg
2364 3971 2471 4011 vos
2513 3962 2716 4014 autem

424 4039 515 4100 dii
540 4043 877 4124 petulantes
900 4044 1054 4114 sitis,
1078 4051 1141 4104 et
1164 4060 1284 4102 non
1312 4043 1678 4122 agnoscatis,
1704 4041 1899 4114 nobis,
1923 4052 2132 4122 utpote
2179 4045 2526 4126 potioribus,
2571 4044 2722 4106 invi·

424 4151 559 4194 cem
582 4137 1035 4200 auscultandum
1062 4155 1218 4197 esse.
1302 4135 1598 4216 Eloquere
1627 4153 1764 4196 vero
1791 4136 1953 4208 mihi,
1983 4155 2104 4216 quo
2131 4147 2192 4198 te
2217 4137 2442 4199 alarum
2469 4137 2718 4218 remigio

423 4245 598 4308 agas.
683 4231 780 4290 Ia.
838 4230 1090 4310 Egone?
1142 4227 1221 4291 ad
1246 4229 1517 4294 homines
1558 4248 1597 4291 a
1649 4239 1816 4310 patre
1869 4227 2103 4302 devolo,
2155 4231 2528 4304 mandatura,
2582 4231 2718 4292 Diis

423 4320 721 4403 Olympiis
748 4333 817 4383 ut
834 4323 1187 4395 sacrificent,
1232 4344 1373 4387 oves
1422 4327 1720 4404 bovesque
1753 4323 1812 4383 in
1863 4323 1981 4384 aris
2027 4335 2308 4396 mactent,
2355 4335 2421 4384 et
2453 4324 2719 4404 compita

422 4413 637 4476 nidore
676 4417 966 4496 repleant.
990 4405 1009 4428 ’
1046 4417 1280 4480 Pisa-n.
1308 4419 1471 4488 Quid
1510 4417 1600 4478 ais
1641 4414 1752 4476 tu?
1805 4415 2024 4496 quibus
2049 4415 2211 4477 diis?
2293 4417 2392 4476 Ia.
2435 4414 2718 4484 Quibus?

429 4508 622 4582 nobis,
649 4509 707 4570 in
730 4509 876 4572 coelo
900 4511 1003 4590 qui
1032 4531 1259 4587 sumus,
1289 4512 1427 4576 diis.
1511 4509 1744 4574 Pis-ra.
1774 4511 1898 4572 Vos
1941 4509 2174 4574 scilicet
2221 4508 2322 4572 dei
2347 4507 2534 4574 estis?
2621 4509 2720 4569 Ia.
