3059 5059
433 352 507 414 ιο
1153 323 1973 406 ARISTOPHANIS
2366 337 2723 424 [sos-264

425 477 754 547 suntillicz
801 478 906 538 sed
925 477 1090 558 quod
1106 477 1268 558 apud
1293 498 1404 538 nos
1433 497 1555 538 non
1578 487 1691 553 est,
1708 476 1808 537 hic
1836 484 2035 536 autem
2066 471 2307 534 affatim.
2355 475 2507 536 Drc.
2538 475 2729 556 Equi·

425 573 560 636 dem
591 573 752 635 scio:
797 581 1039 652 asporta
1065 570 1246 649 igitur
1285 569 1831 651 quadruplatorem,
1886 568 2043 628 sicut
2082 567 2189 628 vas
2237 567 2415 629 fictile
2456 569 2727 649 ligatum.

428 666 640 726 Boeor.
682 665 775 724 Ita
814 683 910 724 me
941 663 1218 723 Dioscuri
1248 674 1469 735 ament,
1507 661 1740 724 scilicet
1778 660 2027 720 multum
2078 661 2504 735 lucrifacerem,
2534 662 2585 723 si
2618 665 2727 722 ab·-

347 747 352 758 ’
425 755 730 829 ducerem,
758 745 1046 835 tanquam'
1071 755 1304 815 simium
1330 754 1569 835 flagitiis
1598 752 1797 814 multis
1820 753 2080 833 plenum.
2169 744 2323 814 Dxc‘.
2366 753 2485 815 Sed
2517 773 2725 815 eccum

427 848 738 910 commode
780 847 902 908 huc
955 847 1117 909 venit
1162 847 1498 909 Nicarchus
1552 847 1665 907 iste
1714 848 2051 926 quempiam
2097 844 2426 909 delaturus.
2513 847 2723 908 Bao-r.

425 943 638 1006 Parvae
664 942 866 1021 utique
895 949 1141 1001 staturoe
1181 940 1278 1000 hic
1330 951 1446 1003 est.
1528 941 1681 1001 Dte.
1722 938 1845 1000 Sed
1874 937 2021 998 nihil
2048 939 2164 999 nisi
2208 941 2491 1020 nequitia.
2574 941 2727 1002 Nrc.

431 1035 758 1115 Cujusnam
787 1042 928 1095 sunt
948 1035 1083 1094 istm
1109 1032 1383 1094 merces?
1426 1032 1641 1094 Bao-r.
1684 1032 1883 1113 Hujus
1896 1031 2176 1104 hominis,
2206 1034 2343 1104 mei,
2367 1033 2629 1113 inquam,
2650 1053 2729 1094 ex

426 1127 684 1188 Thebis:
727 1127 894 1188 testis
925 1127 1004 1187 sit
1028 1125 1286 1206 Jupiter.
1371 1126 1524 1186 Nrc.
1570 1127 1779 1206 ltaque
1807 1124 1974 1185 hicce
1995 1144 2109 1204 ego
2130 1125 2248 1185 ista
2276 1124 2496 1198 defero,
2514 1135 2727 1206 utpote

426 1219 689 1282 hostilia.
773 1218 984 1280 Boeor.
1027 1217 1209 1291 Quid,
1237 1219 1481 1293 malum,
1506 1237 1582 1279 eo
1610 1229 1670 1279 te
1711 1217 1981 1299 impellit,
2008 1225 2079 1278 ut
2104 1237 2241 1277 cum
2266 1219 2475 1280 avibus
2504 1219 2729 1280 bellum

428 1331 811 1395 pugnamque
838 1311 1044 1373 ineas?
1129 1311 1280 1372 Nrc.
1325 1313 1513 1372 Immo
1542 1323 1601 1372 te
1622 1329 1863 1391 quoque
1892 1310 2155 1370 deferam
2194 1311 2453 1392 insuper.
2518 1311 2729 1372 Bao-r.

431 1409 706 1478 Quanam
726 1408 790 1465 in
817 1425 880 1467 re
905 1403 1134 1466 laesust
1217 1404 1372 1466 Nrc.
1421 1403 1629 1466 Dicam
1656 1403 1933 1484 equidem
1976 1403 2106 1477 tibi,
2132 1403 2377 1464 istorum
2406 1405 2599 1484 gratia
2624 1403 2731 1484 qui

426 1501 526 1564 hic
571 1501 849 1562 adstant:
893 1501 970 1558 ah
1021 1497 1294 1558 hostibus
1342 1495 2001 1577 importas0ellyehuia.
2084 1495 2235 1557 D1c.
2280 1498 2472 1570 Itane,
2501 1515 2732 1578 quoeso,

428 1603 667 1675 propter
691 1591 992 1672 ellychnia
1016 1590 1313 1651 hominem
1343 1588 1584 1651 defers?
1666 1590 1723 1648 N
1730 1609 1817 1650 ic.
1851 1589 2087 1669 Quippe
2109 1610 2296 1651 unum
2325 1610 2527 1651 eorum
2550 1591 2729 1652 facile

427 1686 776 1748 incenderet
831 1683 1063 1745 navale.
1165 1683 1316 1744 Drc.
1386 1681 1765 1764 Ellychnium
1826 1681 2173 1744 incenderet
2215 1683 2470 1744 navale?
2576 1683 2731 1745 Nrc.

429 1779 718 1840 Arbitror.
819 1777 970 1837 Dic.
1030 1775 1168 1844 Quo
1217 1775 1439 1856 pacto?
1551 1775 1705 1836 Nic.
1748 1775 2016 1836 Boeotius
2066 1775 2283 1856 aliquis
2350 1776 2413 1836 id
2480 1778 2727 1838 infixum

428 1872 636 1933 blattae
689 1879 751 1929 et
793 1869 1106 1930 incensum
1153 1869 1494 1929 immitteret
1533 1869 1595 1927 in
1639 1868 1855 1929 navale
1903 1887 2009 1948 per
2056 1868 2349 1942 canalem,
2404 1871 2719 1930 observato

431 1965 642 2028 Boreoe
669 1964 816 2023 flatu
857 1961 1318 2034 vehementiore,
1347 1971 1410 2022 et
1435 1963 1488 2022 si
1513 1963 1835 2043 corriperet
1871 1980 2052 2022 naves
2081 1961 2237 2042 ignis
2266 1963 2474 2037 semel,
2502 1973 2727 2024 extem·

198 2109 204 2124 ,
313 2080 321 2098 ¹
431 2058 534 2138 plo
585 2055 840 2116 flammis
884 2055 1248 2116 collucerent
1293 2065 1548 2116 cunctoe.
1634 2054 1788 2117 Drc.
1831 2053 1888 2112 Ο
1930 2054 2357 2134 perditissime!
2400 2057 2559 2117 itane
2588 2074 2728 2115 vero

431 2148 796 2212 collucerent
815 2147 1066 2207 flammis
1094 2148 1172 2207 ob
1199 2147 1450 2207 blattam
1478 2157 1543 2207 et
1560 2145 1964 2228 ellychnium?
2021 2146 2174 2208 Nxc.
2218 2148 2525 2210 Antestor.
2580 2147 2731 2208 Dic.

436 2241 774 2321 Comprime
802 2240 856 2301 ei
884 2260 990 2301 os:
1032 2241 1114 2300 da
1129 2238 1272 2299 mihi
1301 2249 1623 2313 sarmenta,
1651 2249 1719 2300 ut
1738 2259 1873 2301 eum
1901 2239 2145 2320 illigem,
2170 2241 2439 2321 feratque
2466 2239 2733 2312 Boeotus,

433 2347 718 2415 tanquam
761 2352 868 2393 vas
907 2331 1120 2404 fictilef
1153 2352 1231 2392 ne
1275 2332 1587 2412 frangatur
1646 2331 1799 2393 inter
1844 2332 2172 2395 ferendum.
2276 2335 2491 2396 Cnoa.
2555 2335 2737 2414 llliga

431 2429 607 2499 bene,
649 2426 736 2486 vir
779 2427 1021 2505 optime,
1061 2423 1284 2505 hospiti
1309 2444 1564 2484 mercem
1596 2425 1775 2499 hanc,
1805 2435 1873 2485 ut
1900 2445 1975 2487 ne
2016 2445 2147 2486 eam
2181 2427 2336 2488 inter
2374 2427 2735 2510 portandum

341 2523 350 2540 ⁸
434 2520 693 2598 frangat.
779 2517 929 2579 Drc.
974 2517 1043 2578 Id
1070 2516 1214 2578 mihi
1243 2536 1404 2578 curte
1433 2517 1565 2590 erit,
1595 2517 2082 2598 quandoquidem
2104 2521 2353 2582 tinnitus
2380 2523 2511 2602 ejus
2541 2522 2738 2604 arguit

437 2613 736 2692 garrulum
767 2608 1078 2691 quiddam,
1105 2619 1166 2670 et
1190 2609 1315 2689 igni
1337 2621 1597 2691 ruptum,
1626 2620 1688 2672 et
1704 2611 1817 2672 diis
1847 2611 2121 2673 invisum.
2187 2613 2407 2675 Grion.
2436 2615 2741 2685 Quidnam

435 2724 574 2768 vero
628 2704 806 2765 faciet
849 2702 1003 2764 illo?
1087 2703 1238 2763 Drc.
1283 2701 1407 2762 Vas
1435 2703 1547 2763 erit
1593 2704 1671 2765 ad
1722 2705 1921 2765 omnia
1962 2704 2147 2766 utile:
2188 2717 2383 2768 crater
2424 2707 2737 2780 malorum,

437 2805 736 2876 trapetum
763 2795 973 2869 litium,
1015 2794 1444 2855 candelabrum
1476 2795 1555 2856 ad
1596 2796 1921 2858 reddendoe
1949 2798 2161 2858 rationi
2188 2801 2479 2862 obnoxios
2506 2803 2739 2882 patefa-

437 2889 708 2963 ciendos,
734 2898 794 2950 et
821 2889 1000 2962 calix,
1021 2889 1082 2948 in
1118 2907 1240 2968 quo
1285 2889 1529 2968 negotia
1556 2891 1731 2951 mista
1755 2891 2087 2952 turbentur.
2175 2892 2395 2956 Cnon.
2436 2893 2558 2955 Sed
2586 2913 2737 2976 quo-

437 2981 618 3044 modo
645 2981 777 3062 quis
822 3001 1027 3042 secure
1065 2990 1300 3043 utature
1333 2981 1601 3063 jusmodi
1626 3003 1792 3055 vase,
1816 2983 1986 3064 cujus
2012 2985 2299 3046 contiuuo
2324 2988 2574 3068 strepitu
2610 3000 2743 3049 tan·

437 3083 643 3154 topere
686 3083 971 3152 personat
1013 3071 1266 3136 domus?
1348 3075 1500 3136 Drc.
1564 3075 1823 3136 Firmum
1860 3086 1975 3150 est,
2021 3095 2060 3136 o
2100 3077 2279 3151 bone,
2324 3091 2539 3142 utnon
2568 3080 2742 3142 facile

440 3166 748 3245 frangatur
787 3184 1072 3245 unquam,
1101 3168 1152 3226 si
1197 3165 1452 3246 pedibus
1481 3167 1882 3249 suspendatur
1918 3169 2181 3231 demisso
2222 3173 2439 3251 capite.
2522 3175 2745 3235 Cuoa.

440 3257 577 3318 Jam
606 3260 758 3320 bene
789 3259 934 3320 satis
983 3258 1302 3339 colligatus
1347 3271 1462 3322 est.
1564 3261 1773 3322 Boeor.
1818 3262 2111 3342 Equidem
2159 3265 2441 3326 constitui
2468 3269 2745 3350 manipu-

441 3349 534 3411 los
583 3347 748 3410 meos
803 3349 1104 3430 colligere.
1215 3353 1432 3414 Cnoa.
1503 3355 1736 3434 ltaque,
1788 3353 2007 3437 hospes
2046 3357 2290 3438 optime,
2332 3379 2456 3419 una
2494 3361 2743 3423 sustolle

441 3444 605 3504 hunc
647 3443 826 3504 etiam
851 3445 1228 3524 prehensum,
1267 3455 1331 3507 et
1369 3446 1635 3507 ablatum
1674 3447 1863 3527 jacito
1911 3467 2269 3532 quocunque
2306 3451 2495 3528 lubet,
2538 3465 2743 3534 aptum

443 3535 526 3598 ad
604 3538 802 3598 omnia
877 3537 1329 3618 sycophantam.
1417 3539 1571 3601 Dxc.
1636 3539 1753 3599 Vix
1803 3541 2079 3623 colligavi
2134 3545 2375 3606 tandem
2444 3547 2743 3612 hominem

443 3629 602 3692 male
664 3629 982 3711 perditum.
1087 3631 1314 3712 Accipe
1379 3645 1443 3693 et
1497 3633 1749 3694 sustolle
1816 3631 1933 3695 hoc
1986 3636 2169 3698 fictile
2222 3658 2353 3712 vas,
2396 3660 2436 3701 o
2495 3641 2743 3704 Boeotie.

446 3722 663 3784 Bao-r.
733 3722 1009 3802 Agedum
1045 3723 1326 3788 submitte
1355 3704 1646 3787 callosum
1674 3726 2006 3801 humerum,
2037 3730 2390 3806 Ismeniche,
2416 3742 2479 3794 et
2503 3754 2745 3816 operam

441 3815 544 3890 da,
573 3825 640 3876 ut
681 3815 838 3876 feras
889 3817 1066 3877 istum
1109 3828 1302 3880 caute.
1389 3819 1541 3881 Dic.
1584 3819 1745 3880 Nihil
1778 3821 1981 3901 utique
2030 3823 2171 3883 boni
2204 3823 2380 3899 feres,
2408 3827 2519 3887 sed
2544 3837 2745 3890 tamen

441 3910 507 3974 id
536 3909 748 3970 saltem
773 3909 921 3970 lucri
946 3909 1176 3985 fecer-ie,
1220 3911 1336 3972 hoc
1363 3910 1561 3972 serens
1590 3932 1783 3974 onus:
1823 3915 2038 3977 beatus
2074 3917 2189 3976 eris
2218 3917 2747 4000 quadruplatorum

445 4003 658 4081 gratia.
739 4003 910 4062 Fau.
957 4003 1126 4065 Lan.
1171 4004 1524 4086 Dicaeopoli.
1613 4006 1775 4080 Dic„
1809 4009 1959 4077 Quis
1998 4009 2133 4073 est?
2193 4011 2339 4091 quid
2384 4034 2479 4074 me
2524 4016 2748 4078 vocas?

447 4095 624 4156 Fau.
666 4095 822 4164 Quia
845 4097 1113 4176 postulat
1141 4117 1178 4158 a
1205 4108 1264 4159 te
1295 4097 1649 4173 Lamachus,
1696 4113 1761 4160 ut
1808 4101 1922 4161 sibi
1951 4121 2059 4181 pro
2087 4103 2205 4164 ista
2231 4103 2517 4169 drachma
2542 4109 2749 4171 turdos

445 4187 744 4269 impertias
774 4188 1004 4268 aliquot
1031 4189 1110 4250 ad
1155 4189 1401 4252 Choas:
1445 4192 1715 4272 postulat
1756 4193 1933 4254 etiam
1964 4207 2033 4257 ut
2078 4197 2189 4258 sibi
2231 4198 2419 4260 tribus
2448 4199 2747 4265 drachmis

444 4279 672 4342 vendas
717 4281 1040 4362 anguillam
1087 4283 1438 4363 Copaicam.
1527 4285 1677 4347 Drc.
1724 4288 1933 4358 Qualis
1978 4299 2075 4350 est
2118 4289 2217 4352 ille
2262 4292 2617 4368 Lamachus,
2644 4297 2759 4376 qui

447 4378 774 4460 aug-uillam
827 4379 1023 4460 petit?
1125 4382 1298 4446 Fan.
1371 4381 1480 4446 Ille
1538 4385 1831 4458 terribilis,
1888 4387 1985 4448 ille
2030 4389 2295 4450 laborum
2345 4391 2598 4471 patiens,
2644 4393 2751 4474 qui
