3059 5059
453 351 534 412 26
1184 349 2001 418 ARJSTOPHANIS
2410 353 2765 434 [seo—³44

451 477 1025 562 Peloponuesiorum
1045 481 1308 564 jusculs.
1353 483 1438 544 ls.
1485 485 1567 544 At
1581 500 1699 564 ego
1720 484 1908 555 hunc,
1934 483 2019 544 ita
2046 502 2139 547 me
2160 481 2399 564 Jupiter
2421 493 2602 557 umet,
2630 485 2771 565 quis

446 583 656 636 ventre
685 595 876 636 vacuo
905 577 1088 638 currit
1115 577 1176 636 in
1207 575 1592 658 Prytnueum,
1621 587 1763 657 post
1791 577 2099 638 revertitur
2128 575 2267 637 inde
2292 595 2539 638 currens
2568 575 2768 656 pleno.

451 665 632 728 Dim.
679 666 838 735 Quin
867 668 1074 742 etiam,
1095 669 1177 730 ita
1207 689 1300 729 me
1328 669 1563 751 Jupiter
1590 679 1768 742 amet,
1798 668 1968 730 effert
1999 667 2137 728 inde
2168 686 2260 728 res
2286 668 2521 743 vetitas,
2548 687 2765 748 panem

448 769 512 822 et
538 779 800 834 carnem,
833 773 894 822 et
937 762 1191 845 piscium
1237 765 1446 833 frusta,
1488 781 1625 840 quae
1668 781 1780 822 nec
1827 759 2045 821 Pericli
2098 759 2437 840 obtigerunt
2484 779 2768 842 unquam.

451 851 645 914 Ctso.
713 853 1053 916 Moriemini
1111 853 1381 934 jamjam.
1467 853 1554 914 Is.
1614 852 1817 933 Triplo
1876 854 2011 933 plus
2076 853 2464 914 vociferabor.
2566 852 2769 914 Csso.

450 945 788 1006 Clamsndo
815 948 1108 1028 superabo
1150 957 1234 1007 te.
1320 947 1402 1006 Is.
1446 944 1850 1006 vociferando
1895 946 2189 1025 superabo
2237 961 2317 1006 te.
2400 945 2599 1006 CLso.
2648 945 2767 1005 Cs-

446 1039 784 1102 lumniabor
835 1051 915 1112 te,
959 1041 1060 1101 ubi
1089 1051 1308 1120 praetor
1335 1039 1475 1098 eris.
1564 1037 1648 1098 Is.
1697 1037 2027 1098 Concidam
2078 1038 2184 1098 tibi
2229 1049 2485 1118 tergum.
2570 1038 2769 1098 CLzo.

451 1131 888 1194 Circumcidam
918 1132 1024 1192 tibi
1075 1143 1211 1192 tuas
1259 1131 1653 1209 arrogantiss-
1737 1131 1817 1190 Is.
1861 1128 2209 1192 Molitiones
2236 1141 2372 1190 tuns
2420 1129 2765 1210 proecidam.

452 1223 654 1286 CLzo.
696 1224 960 1306 Adspice
989 1245 1084 1285 me
1111 1223 1302 1286 oculis
1347 1243 1470 1282 non
1499 1222 1979 1284 conniventibus.
2064 1223 2147 1282 Is.
2194 1223 2263 1282 ln
2294 1223 2421 1282 soro
2448 1241 2564 1301 ego
2590 1221 2767 1282 etiam

449 1314 740 1380 educatus
771 1318 877 1377 fui.
960 1317 1162 1377 CLso.
1208 1313 1492 1375 Differam
1521 1326 1603 1388 te,
1633 1316 1684 1376 si
1714 1315 1857 1394 quid
1885 1316 2088 1374 mutis.
2152 1315 2234 1375 Is.
2280 1316 2551 1376 Stercore
2574 1323 2631 1373 te
2658 1314 2767 1371 ohe

449 1409 656 1483 linsm,
683 1410 734 1470 si
759 1411 1038 1491 loqueris.
1125 1408 1327 1468 szo.
1375 1408 1506 1486 Ego
1537 1407 1729 1468 fateor
1755 1427 1851 1466 me
1879 1427 2013 1468 esse
2040 1407 2230 1467 furem
2254 1427 2269 1466 ε
2300 1417 2363 1468 tu
2388 1425 2525 1468 vero
2554 1424 2764 1484 neg-ns.

452 1502 535 1584 is.
567 1502 752 1575 Quin,
783 1503 868 1563 ita
897 1523 992 1564 me
1025 1501 1357 1562 Mercurius
1389 1501 1671 1562 Forensis
1702 1510 1881 1573 umet,
1910 1501 2089 1560 etiam
2117 1499 2337 1580 pejero,
2384 1500 2431 1560 si
2462 1517 2537 1558 ne
2564 1499 2766 1560 furan-

448 1603 570 1654 tem
622 1594 894 1654 viderint.
981 1595 1184 1653 Creo·
1229 1593 1470 1654 Alienas
1521 1593 1704 1673 igitur
1734 1603 1891 1654 artes
1936 1591 2275 1652 aemularis:
2323 1604 2383 1651 et
2415 1603 2473 1652 te
2502 1591 2763 1654 deseram

451 1686 612 1765 apud
642 1687 1046 1766 magistratus,
1077 1686 1237 1765 quod
1267 1705 1386 1746 non
1417 1684 1750 1746 decimatos
1781 1685 1893 1744 diis
1934 1704 2135 1745 sacros
2166 1683 2441 1766 possides
2462 1683 2759 1744 ventricu-

451 1778 566 1838 los.
652 1779 864 1839 Cnon.
911 1779 964 1840 Ο
1013 1780 1238 1858 impure
1285 1790 1348 1838 et
1389 1777 1685 1857 flagitiose
1712 1789 1777 1838 et
1800 1778 2085 1849 clamose,
2114 1769 2369 1839 audacia
2394 1790 2497 1836 tus
2520 1795 2761 1836 omnem

452 1881 666 1932 terram
693 1869 980 1952 implevit,
1012 1889 1368 1949 omnemque
1395 1871 1744 1931 concionem
1776 1881 1837 1931 et
1866 1870 2107 1940 telonia,
2137 1881 2197 1930 et
2234 1867 2545 1940 tabularia,
2572 1877 2635 1927 et
2662 1868 2766 1926 tri·

343 1963 346 1966 ’
451 1965 714 2027 bunalia.
800 1963 855 2020 Ο
885 1963 986 2042 qui
1015 1963 1233 2035 omnia,
1283 1973 1348 2022 ut
1393 1983 1651 2036 coenum,
1694 1961 2038 2035 confundiS,
2065 1974 2126 2022 et
2178 1961 2513 2022 universam
2560 1960 2765 2020 urbem

453 2069 717 2118 nostram
747 2056 1130 2135 perturbasti,
1159 2057 1259 2134 qui
1303 2055 1575 2115 Athenas
1608 2069 1841 2116 nostras
1870 2055 2159 2115 obtudisti
2209 2055 2547 2125 clamitans,
2574 2065 2637 2114 et
2660 2052 2763 2132 qui

451 2169 488 2209 e
515 2149 762 2228 specula
789 2145 1026 2228 publica
1057 2147 1394 2227 vectigalia,
1427 2161 1491 2206 ut
1521 2148 1851 2227 piscatores
1880 2169 1915 2207 e
1960 2148 2223 2227 scopulis
2252 2147 2535 2226 thynnos,
2562 2147 2767 2206 obser·

452 2263 558 2304 vas
583 2249 598 2304 l
642 2243 840 2304 Ouo.
873 2241 1029 2300 Novi
1061 2241 1220 2300 unde
1249 2261 1343 2301 res
1373 2239 1490 2300 ista
1517 2241 1829 2302 consuitur
1855 2239 2103 2300 dudum.
2162 2241 2247 2300 ls.
2274 2239 2339 2298 Si
2364 2250 2425 2300 tu
2459 2258 2577 2298 non
2608 2237 2765 2298 nosti

452 2335 738 2396 rationem
759 2333 972 2394 suendi
997 2334 1180 2405 coria,
1209 2353 1320 2394 nec
1343 2352 1456 2411 ego
1477 2334 1759 2396 rationem
1782 2333 2068 2394 farciendi
2094 2333 2413 2394 intestina:
2435 2333 2537 2411 qui
2554 2331 2765 2398 dolose

450 2426 722 2488 incidens
767 2426 992 2486 corium
1035 2425 1286 2486 infelicis
1311 2425 1504 2495 bovis,
1534 2425 1837 2486 vendebas
1868 2425 2151 2505 agricolis
2180 2435 2403 2496 astute,
2433 2434 2498 2485 ut
2535 2423 2767 2484 videre-

452 2530 548 2581 tur
575 2540 867 2592 crassum,
893 2533 954 2579 et
981 2519 1141 2599 prius
1173 2539 1350 2598 quam
1380 2538 1563 2578 unum
1596 2518 1749 2578 diem
1780 2517 1843 2579 id
1872 2519 2261 2598 gestaverint,
2294 2517 2526 2576 duobus
2550 2513 2760 2597 palmis

337 2657 350 2670 ,
451 2613 642 2692 majus
670 2623 817 2672 erat.
902 2611 1080 2672 Dur.
1125 2609 1357 2690 Edepol
1387 2610 1599 2670 eadem
1628 2610 1837 2670 fraude
1868 2631 2015 2670 usus
2038 2624 2132 2671 est
2155 2630 2408 2682 mecum,
2438 2610 2519 2670 ita
2548 2621 2615 2669 ut
2638 2611 2765 2670 val·

454 2703 531 2764 de
558 2704 748 2764 irrisui
781 2704 986 2764 fuerim
1039 2702 1426 2784 popularibus
1457 2702 1604 2762 meis
1635 2717 1695 2764 et
1724 2702 1967 2764 amicis:
2000 2704 2264 2764 nondum
2298 2704 2453 2762 euim
2486 2701 2764 2781 Pergasis

452 2817 636 2870 eram,
657 2816 839 2876 quum
853 2797 978 2876 jam
1011 2808 1276 2856 natatem
1297 2797 1357 2854 in
1388 2794 1629 2856 calceis.
1714 2797 1933 2856 Grion.
1962 2797 2181 2856 Annon
2210 2816 2355 2876 ergo
2378 2794 2517 2856 inde
2546 2814 2583 2855 s
2604 2797 2765 2874 prin·
2878 2795 2895 2808 ’

451 2889 609 2968 cipio
653 2889 968 2950 exseruisti
997 2887 1447 2968 impudentiam,
1477 2908 1615 2968 quae
1648 2890 1885 2948 unicum
1916 2889 2257 2970 proesidium
2296 2902 2388 2950 est
2419 2889 2765 2950 rhetorum?

458 3000 580 3060 qua
609 2991 671 3042 tu
703 2982 889 3041 fretus
917 2981 1152 3062 mulges
1182 2981 1622 3062 peregrinorum
1654 2980 2076 3060 opulentioreS,
2106 2981 2235 3060 ipse
2267 2981 2439 3044 facile
2470 2983 2621 3041 inter
2657 3001 2763 3042 eos

453 3073 766 3152 princeps:
796 3073 1159 3152 Hippodsmi
1190 3091 1327 3132 vero
1357 3072 1513 3132 filius
1544 3074 1786 3152 liquitur
1814 3073 2094 3135 lacrimis.
2180 3073 2302 3134 Sed
2331 3074 2489 3134 enim
2518 3069 2761 3134 exortus

451 3173 546 3224 est
575 3163 751 3224 homo
783 3164 936 3223 alius
964 3164 1151 3225 multo
1177 3175 1234 3224 te
1261 3165 1561 3244 impurior,
1593 3165 1651 3224 id
1680 3165 1845 3244 quud
1866 3165 2055 3238 loetor,
2084 3167 2265 3246 quite
2285 3167 2522 3247 dejiciet
2550 3167 2764 3241 cloec,

451 3265 533 3325 et,
563 3267 628 3317 ut
654 3277 728 3316 ex
757 3257 849 3316 bis
879 3258 1023 3316 satis
1071 3267 1338 3338 apparet,
1380 3259 1438 3316 le
1469 3259 1773 3337 superabit
1822 3259 2081 3320 versutia
2109 3270 2171 3320 et
2213 3259 2469 3322 audacis
2506 3273 2565 3322 et
2609 3281 2763 3340 proe·

453 3349 666 3428 stigiis.
711 3348 855 3421 Sed,
884 3369 920 3408 o
951 3350 1049 3427 qui
1079 3350 1160 3408 ibi
1185 3349 1440 3408 nutritus
1465 3369 1554 3420 es,
1574 3350 1734 3410 unde
1754 3350 2053 3432 prodeunt
2074 3353 2199 3422 viri,
2222 3351 2577 3433 quiquidem
2604 3349 2767 3428 sunt,

451 3461 616 3502 nunc
659 3441 912 3502 ostende
942 3461 1160 3502 vanum
1187 3455 1323 3500 esse
1353 3442 1498 3502 illud
1536 3441 1799 3516 verbum,
1830 3443 1992 3524 quod
2015 3445 2191 3524 jubet
2217 3445 2470 3506 modeste
2498 3445 2765 3508 educar-1⁶.

451 3534 539 3596 Is.
583 3534 768 3614 Atqui
798 3521 1022 3606 audite]
1051 3533 1244 3614 qualis
1277 3534 1388 3594 iste
1419 3534 1498 3594 sit
1526 3535 1693 3595 civis.
1780 3538 1979 3596 CLso.
2027 3537 2242 3596 Nonne
2274 3537 2364 3597 uste
2396 3538 2559 3598 sines
2586 3539 2765 3598 verba

452 3625 693 3690 facere?
778 3626 860 3685 Is.
907 3625 1087 3686 Haud
1121 3645 1266 3685 sane
1297 3627 1516 3700 hercle,
1538 3627 1681 3707 quia
1708 3639 1769 3690 et
1797 3649 1911 3709 ego
1939 3629 2131 3690 melus
2156 3649 2309 3690 sum.
2392 3630 2516 3690 Sed
2546 3629 2621 3690 de
2652 3629 2766 3690 boc

447 3717 580 3799 ipso
607 3717 856 3800 primum
879 3718 1200 3780 decertabo
1234 3728 1451 3790 tecum,
1471 3720 1606 3799 quis
1630 3721 1847 3782 debeat
1873 3722 2032 3801 prior
2050 3723 2225 3782 verbs
2247 3723 2463 3784 facere.
2546 3723 2769 3787 Ciron-

455 3809 633 3884 Quod
659 3810 710 3870 si
736 3809 874 3870 huic
897 3813 1395 3890 argumentonon
1419 3813 1690 3884 cesserit,
1718 3813 1874 3874 adde
1896 3815 2098 3888 etism,
2121 3816 2258 3893 quia
2288 3815 2369 3876 sis
2398 3815 2571 3874 malis
2589 3834 2769 3896 progr

451 3914 651 3968 natus.
735 3902 936 3963 Cra-zo.
972 3903 1107 3964 Non
1135 3903 1278 3962 mihi
1309 3905 1607 3964 concedes
1638 3904 1664 3962 ἲ
1748 3908 1831 3968 Is.
1866 3907 1997 3967 Non
2028 3906 2247 3968 hercle.
2334 3909 2532 3988 Cimo·
2582 3910 2767 3978 immo

449 3993 672 4056 hercle.
697 4077 704 4086 ,
757 3995 840 4054 1s.
889 3995 1059 4055 Non:
1105 3993 1189 4056 ita
1233 4014 1325 4058 me
1383 3995 1701 4076 Neptunus
1750 4010 1925 4060 amet.
2010 4001 2213 4062 Gneo·
2260 4001 2373 4061 Hei
2419 4001 2599 4061 mihi!
2642 4001 2765 4062 dis-

453 4107 713 4172 rumpar.
798 4088 882 4148 Is.
911 4089 992 4147 At
1021 4107 1134 4170 ego
1164 4098 1222 4148 te
1253 4107 1371 4147 non
1404 4091 1617 4150 sinam.
1706 4092 1923 4154 Cnos.
1966 4092 2133 4165 Sine,
2170 4092 2319 4166 sine,
2350 4113 2454 4173 per
2482 4092 2629 4156 deos
2658 4095 2768 4154 ob-

451 4199 644 4252 secro,
673 4199 828 4242 eum.
857 4179 1165 4258 disrumpi.
1233 4182 1450 4262 Ouo.
1493 4180 1629 4249 Qua
1676 4183 1893 4244 fiducia
1922 4185 2107 4245 fretus
2151 4184 2399 4264 dignum
2446 4198 2504 4257 te
2551 4205 2766 4249 censes

385 4265 398 4272 ’
449 4273 552 4353 qui
599 4271 741 4332 mibi
785 4271 1210 4334 contradicas?
1297 4272 1381 4340 [s.
1427 4275 1583 4343 Quia
1626 4275 1867 4338 dicendi
1918 4279 2138 4358 peritus
2168 4290 2229 4339 et
2258 4298 2371 4362 ego
2402 4300 2533 4340 sum
2584 4289 2765 4360 atque

447 4361 790 4427 condiendi.
873 4365 1070 4426 Czso.
1103 4365 1261 4426 Ecce
1289 4385 1428 4430 vero
1459 4367 1745 4432 dicendi!
1766 4369 2025 4458 Ρυὶοῑιτε
2044 4383 2107 4432 tu
2130 4391 2296 4447 sane,
2320 4373 2627 4454 negotium
2659 4372 2765 4434 nli-
