3059 5059
458 380 537 440 ⁷2
1177 374 1991 438 Aa1s‘r0PHAN18
2390 371 2735 456 [ιω-167

457 509 764 570 severitate
817 517 1010 570 autem
1075 509 1258 570 ducta
1311 509 1585 569 omnibus
1634 507 1815 588 longa
1882 509 2063 579 linea,
2118 518 2399 585 tanquam
2426 505 2584 585 -apls
2636 510 2740 562 ant

454 601 789 682 bombylius
817 602 1054 662 domum
1075 601 1402 680 ingreditur
1443 607 1579 661 'cum
1636 601 1933 680 unguibus
1980 619 2117 660 cera
2144 600 2401 662 sublitis.
2484 599 2563 656 Et
2600 596 2743 675 qnia

455 695 622 756 timet
651 714 726 755 ne
755 694 1078 774 aliqnando
1097 713 1229 753 eum
1250 693 1464 754 calculi
1493 692 1791 765 deficiant,
1821 694 1961 754 litus
1988 693 2169 754 habet
2196 703 2555 770 renovatque
2584 709 2743 750 sem·

455 806 560 866 per
587 787 764 859 domi,
787 798 857 848 ut
884 787 1142 848 ferendae
1166 786 1478 846 sententioe
1507 785 1737 865 copiam
1784 785 2021 848 habeat.
2108 788 2199 846 Ita
2248 795 2501 846 aestuat:
2550 782 2743 861 magis

327 883 344 899 ⁸
455 891 652 940 autem
679 880 957 951 monitus,
985 897 1216 958 semper
1243 877 1432 957 magis
1450 876 1723 957 judicare
1768 879 1988 938 studet.
2072 879 2251 938 Hunc
2300 878 2499 957 itaque
2544 885 2747 936 custo·

455 971 649 1031 dimus
677 972 947 1032 obductis
978 972 1271 1032 inclusum
1300 970 1578 1051 pessulis,
1608 989 1683 1030 ne
1716 982 1909 1031 exeat.
1966 970 2179 1030 ·Filius
2220 971 2377 1031 enim
2420 970 2546 1049 ejus
2584 988 2743 1028 mor-

451 1063 590 1124 bum
618 1064 868 1142 graviter
894 1065 1028 1124 fert.
1094 1065 1170 1124 Et
1199 1064 1444 1143 primum
1471 1062 1713 1143 quidem
1742 1063 1919 1123 dictis
1949 1064 2180 1124 lenibus
2208 1064 2523 1124 adlocutus
2552 1063 2745 1124 suasit

451 1156 526 1229 ei,
555 1177 632 1217 ne
660 1169 920 1237 gestaret
945 1157 1209 1236 pallium,
1237 1175 1388 1216 neve
1415 1157 1599 1216 exiret
1627 1157 1781 1217 foras
1807 1176 1823 1216 τ
1868 1167 1931 1216 at
1971 1156 2071 1216 ille
2107 1177 2326 1217 morem
2370 1175 2487 1216 non
2530 1157 2739 1236 gessit.

453 1249 686 1310 Deinde
709 1251 872 1310 illum
899 1251 1064 1323 lavit,
1091 1260 1153 1310 et
1181 1249 1475 1329 purgavit,
1503 1250 1648 1328 quin
1676 1249 1855 1310 etiam
1884 1260 2093 1330 postea
2120 1251 2523 1332 Corybantum
2556 1249 2742 1311 sacris

450 1341 598 1423 piari
626 1343 888 1404 curavit:
938 1343 1039 1404 ille
1061 1353 1260 1402 autem
1307 1353 1655 1422 tympanum
1708 1357 1917 1402 tenens
1962 1342 2221 1415 exsiluit,
2269 1353 2331 1402 et
2369 1343 2743 1423 judicaturus

447 1434 508 1494 in
539 1434 726 1496 forum
753 1436 935 1495 irruit.
1020 1435 1220 1504 Quum
1247 1443 1442 1495 autem
1481 1433 1613 1495 istis
1640 1435 1820 1495 initiis
1849 1436 1904 1494 ei
1944 1435 2092 1495 nihil
2118 1436 2460 1515 profuisset,
2488 1437 2547 1494 in
2578 1435 2745 1516 AEgi·

449 1547 586 1588 nam
617 1527 934 1606 navigavit,
965 1527 1161 1607 ibique
1192 1526 1553 1608 prehensum·
1596 1537 1777 1588 noctu
1826 1529 1887 1586 in
1917 1527 2246 1608 AEsculapii
2274 1528 2413 1588 fano
2460 1529 2743 1589 incubare

448 1623 627 1682 fecit:
685 1632 748 1682 at
787 1620 882 1680 ille
915 1639 1144 1680 summo
1193 1639 1365 1680 mane
1412 1621 1683 1702 apparuit
1732 1621 1891 1700 apud
1940 1621 2258 1682 cancellos.
2343 1620 2583 1681 Exinde·
2618 1639 2741 1680 non

447 1714 700 1794 amplius
729 1713 906 1774 domo
929 1716 1088 1774 exire
1117 1732 1252 1774 eum
1291 1714 1529 1774 sivimus
1552 1734 1571 1772 ε
1626 1713 1727 1773 ille
1773 1734 1911 1774 vero
1958 1716 2302 1776 elabebatur
2348 1735 2453 1795 per
2502 1714 2741 1776 cloacas

449 1817 512 1866 et
559 1806 885 1867 foramina:
930 1825 1042 1867 nos
1085 1817 1304 1878 autem,
1346 1826 1721 1886 quaecunque
1764 1818 1933 1868 erant
1981 1809 2297 1887 perforata,
2341 1807 2741 1868 obturavimus

448 1900 683 1980 pannis,
713 1915 775 1960 et
801 1900 1194 1980 obsepivimus
1220 1921 1236 1960 ε
1279 1897 1379 1959 ille
1408 1920 1545 1960 vero
1569 1900 1823 1980 paxillos
1850 1901 2134 1980 infigebat
2159 1901 2389 1981 parieti,
2410 1901 2644 1981 quibus,
2674 1913 2745 1960 ut

449 1992 748 2072 graculus,
779 1991 1039 2076 iunixus,
1067 1992 1414 2053 exsiliebat:
1473 2011 1585 2052 nos
1612 1993 1851 2054 demum
1882 2004 2071 2054 totum
2106 1996 2315 2055 atrium
2364 1992 2743 2054 circumcirca

449 2086 672 2147 retibus
705 2085 1083 2157 obduximus,
1142 2084 1428 2164 illumque
1481 2085 1569 2146 sic
1622 2085 2023 2148 adservamus.
2120 2089 2229 2148 Est
2276 2101 2469 2147 autem
2526 2106 2741 2149 nornen

447 2178 574 2238 seni
603 2177 932 2250 Philocleo,
959 2198 1077 2257 quo
1103 2197 1246 2238 sane
1276 2178 1495 2256 dignus
1525 2189 1639 2250 est,
1671 2179 1753 2240 ita
1782 2199 1873 2241 me
1899 2180 2133 2260 Jupiter
2160 2191 2353 2240 amet:
2384 2178 2502 2239 filio
2542 2190 2741 2240 autem

445 2268 574 2349 ejus
603 2269 944 2350 Bdelycleo,
972 2271 1190 2350 quippe
1213 2271 1316 2350 qui
1335 2290 1528 2332 mores
1550 2271 1770 2332 habeat
1794 2273 2479 2353 caperosrontipervicos.
2530 2271 2741 2334 Bnar..

447 2361 501 2420 O
530 2361 790 2422 Xanthia
833 2372 894 2421 et
943 2363 1135 2434 Sosia,
1185 2361 1577 2422 dormitisne?
1662 2365 1930 2423 Xau‘rn.
1976 2363 2089 2424 Hei
2134 2365 2311 2424 mihil
2396 2365 2533 2426 Sos.
2578 2365 2739 2435 Quid

445 2453 581 2516 est?
683 2457 949 2516 Xan-ru.
1002 2453 1323 2533 Bdelycleo
1381 2454 1612 2532 surgit.'
1696 2453 1901 2514 Bmzr..
1968 2455 2185 2514 Nonne
2237 2469 2434 2517 curret
2482 2469 2739 2518 vestrum

445 2547 596 2608 alter
623 2547 738 2606 huc
765 2549 932 2609 ocius
956 2546 981 2605 ἲ
1031 2566 1167 2606 nam
1197 2559 1364 2626 pater
1388 2547 1448 2605 in
1476 2545 1735 2607 culinam
1762 2558 1859 2608 est
1892 2548 2219 2627 ingressus,
2247 2550 2603 2630 rimaturque
2630 2550 2739 2610 ali-

442 2639 610 2719 quid,
635 2633 916 2720 tanquam
949 2659 1078 2701 mus
1107 2641 1166 2698 in
1196 2659 1449 2699 caverna
1480 2637 1834 2699 delitescens
1859 2659 1876 2699 :
1930 2640 2036 2700 sed
2060 2651 2285 2720 specta,
2324 2660 2400 2701 ne
2427 2662 2531 2722 per
2584 2643 2737 2705 sora-

447 2751 581 2792 men
610 2731 760 2792 alvei
789 2733 1092 2794 elabatur:
1137 2744 1202 2792 tu
1231 2742 1427 2793 autem
1462 2731 1667 2812 januae
1695 2733 1991 2794 incumbe.
2066 2735 2203 2794 Sos.
2248 2733 2381 2793 Hoc
2408 2753 2545 2812 ago,
2574 2735 2739 2797 here.

446 2827 650 2886 Bmzr..
710 2826 764 2885 Ο
795 2827 924 2886 Rex
951 2825 1227 2906 Neptune
1252 2831 1268 2885 Ξ
1313 2825 1452 2905 quid
1481 2836 1595 2896 est,
1623 2826 1784 2904 quod
1812 2825 2123 2886 furnarium
2152 2826 2235 2886 ita
2276 2838 2451 2886 sonat
2478 2826 2504 2884 ’ἰ
2584 2827 2737 2901 Eho,

445 2919 580 2999 quis
616 2937 681 2978 es
729 2917 842 2978 tu?
925 2918 1127 2979 Pau..
1180 2919 1402 2978 Fumus
1451 2917 1728 2997 equidem
1785 2939 1954 2981 exeo.
2040 2919 2247 2981 Bnm..
2302 2919 2568 2980 Fumus?
2622 2940 2739 3002 age

444 3010 673 3071 videam
700 3011 869 3090 cujus
897 3011 1064 3090 ligni.
1120 3012 1320 3072 Puu..
1369 3010 1657 3071 Ficulnei.
1740 3012 1946 3072 Bnnr..
1979 3013 2136 3072 Sane
2159 3013 2379 3087 hercle,
2414 3013 2572 3094 quod
2606 3016 2740 3094 qui-

446 3102 579 3163 dem
611 3122 790 3162 unum
819 3105 1079 3164 omnium
1109 3107 1329 3165 fumum
1363 3103 1506 3164 facit
1534 3103 1895 3165 acerrimum.
1980 3106 2098 3165 Sed
2128 3127 2247 3166 non
2280 3109 2435 3168 intro
2480 3119 2543 3168 te
2586 3107 2737 3168 rese-

445 3215 538 3256 res
593 3195 919 3256 citissime‘?
974 3197 1075 3256 ubi
1131 3209 1224 3257 est
1280 3197 1510 3257 fumarii
1581 3196 1971 3278 operculum?
2030 3198 2359 3276 regredere.
2458 3199 2737 3278 Agedum

447 3307 697 3351 asserem
729 3288 905 3348 etiam
935 3291 1434 3372 superimponam.
1520 3290 1664 3350 Istic
1696 3290 1821 3371 jam
1870 3289 2031 3350 aliud
2077 3291 2325 3370 quodvis
2374 3292 2735 3354 machinare.

444 3383 528 3443 At
553 3403 666 3462 ego
690 3382 894 3443 infelix
923 3401 1077 3456 sum,
1105 3395 1172 3445 ut
1201 3403 1374 3445 nemo
1399 3383 1573 3458 alius,
1600 3385 1700 3465 qui
1729 3384 1911 3445 Fumo
1945 3394 2111 3465 patre
2151 3395 2329 3444 natus
2368 3383 2494 3464 jam
2540 3384 2738 3464 perbi-

441 3476 644 3535 bebor.
729 3476 869 3536 Sos,
923 3477 1009 3536 Tu
1038 3476 1467 3557 puer,januam
1505 3477 1725 3537 trudet
1781 3477 1952 3536 valde
1995 3495 2197 3556 preme
2244 3489 2423 3559 atque
2468 3478 2735 3539 sortiter:

442 3587 554 3647 ego
582 3567 756 3628 etiam
782 3569 923 3628 illue
951 3570 1206 3631 veniam.
1293 3571 1496 3630 Seram
1517 3569 1831 3648 diligenter
1859 3570 2108 3631 observa
2133 3580 2192 3630 et
2221 3581 2469 3645 vectem,
2496 3581 2561 3632 et
2599 3571 2737 3634 vide

443 3682 518 3723 ne
558 3662 742 3722 vectis
799 3663 1076 3742 glandem
1125 3663 1424 3725 derodat„
1475 3661 1677 3722 Pau..
1735 3660 1891 3730 Quid
1945 3664 2136 3724 facere
2189 3663 2412 3725 vultis?
2462 3683 2585 3724 non
2640 3685 2735 3728 me

443 3754 624 3814 exire'
655 3756 864 3829 sinitis,
916 3755 1312 3838 impurissimi,
1355 3753 1805 3833 judicaturum?
1874 3753 2031 3834 Ergo
2100 3757 2287 3817 abibit
2354 3757 2735 3819 indemnatus

445 3846 859 3910 Dracontides.
972 3850 1178 3910 Bnm..
1241 3847 1534 3908 Istuccine
1589 3867 1729 3908 vero
1774 3857 1840 3907 tu
1894 3849 2147 3926 graviter
2200 3849 2431 3912 serres?
2537 3851 2735 3912 Pnn..

441 3939 670 4001 Etenim
702 3941 1034 4003 consulenti
1061 3942 1202 4004 mihi
1229 3941 1366 4002 olim
1397 3938 1651 4018 Delphis
1690 3940 1993 4000 oraculum
2041 3943 2353 4024 respondit
2404 3943 2591 4014 Deus,
2636 3963 2733 4004 me

439 4043 564 4096 tum
595 4047 842 4095 mortem
895 4037 1318 4117 oppetiturum,
1372 4033 1617 4112 quando
1674 4033 1815 4095 mihi
1864 4033 2241 4096 indemnatus
2282 4055 2419 4098 rens
2468 4036 2732 4096 abiisset.

442 4124 650 4188 Bnm..
694 4129 910 4208 Apollo
959 4132 1327 4190 Averrunee!
1384 4126 1560 4206 quale
1607 4127 1723 4187 hoc
1766 4137 1861 4188 est
1900 4130 2239 4189 oraculum!
2337 4129 2534 4190 Pmr..
2574 4131 2731 4209 Age,

436 4221 706 4292 obsecro,
734 4221 935 4282 emitte
962 4242 1078 4294 me,
1110 4244 1184 4283 ne
1212 4221 1565 4300 disrumpar.
1648 4219 1853 4280 Bou..
1912 4220 2027 4281 Per
2070 4223 2415 4301 Neptunum
2447 4223 2610 4301 juro,
2662 4233 2734 4284 ut

435 4331 551 4393 ego
581 4323 641 4373 te
659 4333 963 4394 nunquam
991 4317 1276 4389 emittam,
1310 4313 1633 4374 Philoclen.
1715 4313 1919 4372 Pan..
1967 4314 2172 4394 Itaque
2210 4313 2521 4374 corrudam
2570 4335 2729 4376 mor·-

435 4405 602 4466 dicus
633 4418 928 4486 arreptum
959 4419 1102 4470 rete.
1161 4409 1365 4469 Bmu..
1397 4407 1518 4466 Sed
1548 4425 1666 4466 non
1694 4404 1879 4466 habes
1908 4405 2139 4467 dentes.
2195 4407 2399 4470 Pan..
2428 4407 2534 4470 Me
2554 4409 2731 4472 mise-

435 4504 598 4558 rum!
649 4499 948 4578 quomodo
994 4511 1052 4562 te
1100 4499 1409 4563 occidam?
1463 4496 1815 4578 quomodo?
1863 4497 1999 4561 date
2038 4499 2180 4562 mihi
2229 4499 2501 4580 gladium
2544 4502 2712 4568 ocius
