3059 5059
450 399 532 458 62
1210 397 1987 461 AnlsToPuAle
2310 399 2741 484 [1056-1112

443 525 650 590 laudo.
691 526 846 590 Nam
875 529 924 589 si
949 528 1064 589 hoc
1093 527 1314 588 malum
1343 541 1526 602 esset,
1556 529 1855 592 Homems
1886 549 2191 610 nunquam
2230 531 2473 593 fecisset
2516 527 2743 590 Nesto·

440 640 572 692 ‚rem
595 631 917 698 mutarem,-
931 631 996 682 et
1017 630 1248 683 ceteros
1275 621 1575 703 sapientes
1606 641 1838 686 omues.
1882 624 2091 686 Redeo
2130 645 2291 688 nunc
2328 624 2471 686 binc
2510 621 2589 684 ad
2628 622 2745 682 lin-

443 731 647 793 guam,
670 733 850 794 quam
877 714 992 774 iste
1017 723 1200 794 negat
1217 714 1482 794 juniores
1511 735 1785 778 exercere
1814 715 2067 788 debere3
2108 737 2225 799 ego
2264 735 2403 780 vero
2430 717 2550 779 aio.
2588 715 2745 775 Tum

444 807 619 866 etiam
648 804 999 868 modestiam
1025 806 1341 868 colendum
1366 827 1500 870 esse
1525 809 1630 869 ait.
1700 809 1867 880 Quoe
1910 810 2031 872 duo
2070 811 2329 874 maxima
2376 818 2522 871 suut
2560 807 2743 868 mala.

447 897 602 958 Nam
627 899 812 960 cuitu
839 919 1106 981 unquam
1147 911 1388 980 propter
1427 901 1779 964 modestiam
1821 902 2025 964 vidisti
2062 905 2205 966 boui
2244 902 2549 985 quidpiam
2588 898 2745 961 obti-

439 989 649 1069 gisse?
690 991 804 1051 Dic
839 992 1004 1066 mihi,
1047 1005 1110 1054 et
1153 1012 1246 1054 me
1285 993 1462 1054 dietis
1507 994 1733 1058 refelle.
1815 995 2004 1058 Jusr.
2046 996 2297 1059 Multis:
2340 1015 2481 1057 nam
2526 993 2743 1056 Peleu·

441 1083 560 1144 ista
597 1082 676 1144 de
713 1103 898 1146 causa
937 1085 1168 1165 accepit
1207 1106 1244 1145 a
1283 1086 1398 1146 diis
1437 1087 1818 1148 machaeram.
1902 1090 2039 1153 hu.
2090 1088 2502 1152 Macboeram?
2541 1085 2745 1170 lepido

443 1197 590 1240 saue
611 1178 778 1240 lucro
805 1187 1038 1252 auctus,
1065 1177 1424 1240 miserrimus
1467 1179 1590 1241 ille.
1660 1182 1745 1242 At
1786 1181 2167 1262 Hyperbolus
2208 1201 2281 1244 ex
2322 1180 2559 1264 lychnis
2598 1197 2747 1240 ven·-

441 1271 659 1333 deudis
690 1271 920 1332 talenta
957 1271 1190 1353 aceepit
1226 1291 1512 1353 perquam
1550 1271 1741 1334 multa
1780 1285 2021 1356 propter
2054 1275 2377 1344 malitiam}
2418 1293 2543 1336 uon
2580 1291 2745 1347 vcro,

439 1365 526 1426 ita
551 1383 646 1426 me
679 1364 912 1445 Jupiter
953 1375 1133 1439 amet,
1179 1384 1299 1427 nou
1349 1365 1450 1426 ille
1493 1365 1871 1428 machmam.
1953 1368 2142 1430 Just.
2182 1369 2491 1432 Thetidem
2540 1367 2742 1438 etiam,

437 1458 602 1539 quod
627 1459 936 1521 modestus
963 1467 1141 1530 esset,
1171 1457 1342 1520 duxit
1368 1456 1609 1521 Peleus.
1692 1459 1830 1523 lus.
1872 1461 2025 1531 Quae
2060 1461 2299 1536 deinde,
2340 1462 2579 1524 deserto
2616 1460 2744 1535 illo,

439 1552 623 1628 abiitt
661 1571 783 1612 uon
811 1551 966 1616 euim
991 1562 1122 1613 erat
1143 1563 1474 1632 protervus,
1501 1551 1716 1626 necis,
1744 1553 1847 1634 qui
1872 1553 2035 1616 dulci
2064 1554 2211 1616 ludo
2252 1565 2555 1637 perpetem
2596 1571 2745 1614 noc-

437 1653 558 1706 tem
583 1645 644 1705 in
672 1644 954 1726 stragulis
981 1643 1229 1705 duceret
1247 1663 1268 1706 t
1305 1642 1520 1706 mulier
1544 1655 1747 1706 autem
1774 1646 2021 1727 gaudet,
2048 1647 2099 1710 si
2134 1649 2318 1727 probe
2352 1647 2747 1728 subagitetur.

437 1738 561 1801 Sed
588 1749 654 1799 tu
682 1749 938 1819 nugator
957 1737 1196 1818 ineptus
1219 1757 1310 1799 es.
1355 1737 1510 1798 Nam
1538 1738 1873 1814 considera,
1894 1758 1933 1799 o
1960 1740 2337 1814 adolescens,
2364 1741 2561 1801 omnia
2602 1757 2743 1819 qum

435 1831 498 1892 in
545 1831 838 1892 modestia
883 1831 1136 1903 insunt..
1157 1831 1516 1912 quantisque
1562 1831 1969 1912 voluptatibus
2016 1834 2100 1895 sis
2152 1832 2465 1907 cariturus,
2516 1831 2743 1916 pueris,

435 1921 800 1997 mulieribus,
825 1924 1102 1996 cottabis,
1131 1924 1417 2003 piscibus,
1446 1924 1603 1999 vino,
1648 1926 1977 1988 cachinnis.
2041 1928 2125 1988 At
2152 1927 2203 1988 si
2244 1927 2380 1988 istis
2422 1924 2742 2008 defrauda-

433 2018 594 2090 rcris,
622 2017 770 2098 quid
795 2027 976 2090 esset,
1013 2017 1394 2098 quamobrem
1445 2018 1627 2079 vitam
1668 2017 1942 2081 amares?
1984 2021 2091 2082 sed
2133 2021 2211 2081 de
2260 2019 2389 2081 istis
2424 2017 2741 2080 hacteuus.

432 2111 696 2174 Transeo
745 2129 906 2172 nunc
947 2109 1028 2170 ad
1071 2121 1302 2172 nature
1357 2111 1770 2174 necessitates.
1870 2111 2164 2187 Peccasti,
2191 2112 2425 2184 amasti,
2468 2121 2741 2192 stuprum

432 2205 624 2268 fecisti
650 2204 981 2286 quidpiam,
1005 2212 1133 2266 tum
1174 2201 1579 2286 deprehensus
1626 2223 1732 2275 εις
1776 2206 2042 2287 periisti:
2084 2223 2327 2268 causam
2364 2205 2521 2265 enim
2570 2223 2741 2265 orare

431 2298 648 2360 nescis.
707 2300 792 2360 At
827 2297 880 2358 si
920 2316 1149 2358 mecum
1195 2296 1402 2372 fueris,
1449 2296 1696 2378 indulge
1734 2300 1933 2380 genio,
1960 2301 2138 2371 salta,
2166 2299 2312 2374 ride,
2342 2299 2488 2359 nibil
2527 2309 2739 2379 putato

429 2401 625 2472 turpe.
684 2391 750 2452 Si
793 2390 950 2452 enim
995 2409 1132 2450 cum
1179 2389 1374 2450 aliena
1419 2411 1605 2454 uxore
1648 2412 1767 2453 rem
1812 2393 2041 2454 habeus
2089 2391 2579 2475 deprehendaris,
2620 2392 2737 2472 ipsi

430 2485 642 2546 marito
679 2484 991 2567 profructe
1019 2483 1204 2544 dicito
1245 2495 1306 2544 te
1349 2483 1623 2564 injuriam
1670 2504 1791 2546 uon
1840 2488 2097 2550 fecisse:
2138 2485 2355 2548 deinde
2404 2485 2483 2547 ud
2526 2486 2737 2548 Jovem

427 2596 672 2639 causam
696 2577 868 2652 refer,
895 2578 1038 2658 quia
1065 2590 1128 2637 et
1163 2576 1266 2640 ille
1315 2578 1499 2638 amori
1544 2579 1853 2641 mulierum
1898 2580 2244 2642 succubuit:
2286 2588 2353 2640 tu
2394 2598 2534 2640 vero
2578 2597 2739 2639 mor-

428 2671 564 2732 talis
608 2673 712 2753 qui
760 2673 864 2747 sis,
909 2670 1210 2752 quomodo
1255 2671 1452 2752 possis
1507 2689 1643 2735 esse
1696 2673 1995 2754 potentior
2050 2672 2245 2734 Jove?
2326 2672 2363 2732 J
2372 2689 2517 2736 σιτ.
2572 2671 2740 2742 Quid

427 2763 616 2826 vero?
663 2765 718 2826 si
783 2764 1228 2846 raphanismum
1281 2775 1346 2826 et
1397 2763 1699 2826 vulsuram
1752 2766 2015 2846 patiatur
2066 2765 2173 2827 tibi
2227 2783 2449 2826 morem
2496 2783 2739 2846 gerens,

425 2857 746 2920 habebitne
787 2857 1030 2938 aliquod
1059 2867 1494 2936 argumentum,
1521 2877 1645 2938 quo
1672 2858 1975 2932 ostendat,
2000 2878 2065 2922 se
2087 2857 2393 2920 luticulum
2418 2877 2539 2918 nou
2562 2856 2741 2919 esse?

427 2950 570 3014 hu.
612 2948 772 3021 Quid
819 2961 967 3023 tum,
1011 2951 1063 3012 si
1106 2948 1386 3011 laticulus
1429 2949 1557 3012 sit?
1608 2951 1756 3031 quid
1798 2950 1939 3013 inde
1986 2953 2091 3014 flet
2142 2951 2229 3012 illi
2280 2949 2469 3012 mali?
2547 2950 2735 3011 Just.

427 3042 730 3113 Quidnam
755 3060 896 3106 vero
919 3043 1108 3124 majus
1135 3043 1253 3106 isto
1279 3043 1500 3104 malum
1527 3044 1723 3124 possit
1746 3044 1833 3106 illi
1861 3063 2123 3126 unquam
2158 3041 2547 3123 contingere?
2596 3044 2739 3108 hu.

428 3133 586 3204 Quid
615 3136 818 3216 itaque
839 3135 1025 3211 dices,
1052 3135 1248 3198 sibae
1275 3136 1335 3196 in
1365 3155 1428 3197 re
1449 3143 1510 3198 te
1550 3137 1749 3199 vicero
1765 3136 1794 3196 2
1873 3138 1910 3198 J
1918 3157 2058 3200 trs-r.
2097 3137 2366 3200 Tacebo=
2404 3136 2551 3216 quid
2578 3138 2738 3199 euim

423 3229 590 3292 aliud
615 3229 898 3312 agerem?
979 3230 1116 3293 hu.
1157 3229 1434 3311 Agedum
1461 3228 1561 3291 dic
1586 3229 1751 3302 mibi,
1780 3233 2015 3312 patroni
2040 3249 2356 3294 causarum
2376 3251 2453 3292 ex
2480 3249 2737 3311 quorum

421 3321 728 3386 homiuum
755 3323 962 3384 ordine
987 3321 1172 3384 sunt?
1249 3323 1440 3386 Jusr.
1483 3323 1537 3382 E
1561 3321 1843 3388 latieulis.
1928 3326 2066 3389 hu.
2104 3324 2327 3386 Credo.
2372 3323 2533 3396 Quid
2553 3322 2741 3385 vero?

426 3416 636 3496 tragici
683 3417 880 3496 poetoe
933 3436 1009 3477 ex
1055 3434 1306 3496 quorum
1355 3415 1565 3477 ordine
1620 3415 1802 3477 sunt?
1881 3418 2069 3479 Jusw.
2126 3419 2179 3478 B
2227 3417 2507 3481 laticulis.
2592 3417 2735 3480 hu.

423 3509 614 3572 Recte
639 3521 934 3572 autumas.
997 3510 1078 3570 Et
1101 3509 1306 3591 populi
1335 3509 1737 3573 moderatores
1778 3529 1851 3572 ex
1890 3531 2141 3593 quorum
2168 3510 2375 3572 ordine
2388 3510 2417 3570 ἲ
2461 3511 2649 3572 Juew.
2680 3509 2737 3568 E

422 3601 704 3664 laticulis.
785 3603 924 3667 Im.
965 3603 1202 3683 Ergone
1229 3603 1510 3684 agnoscis
1534 3602 1777 3664 tandem
1808 3615 1866 3666 te
1892 3605 2041 3666 nihil
2069 3605 2269 3666 dicare
2292 3604 2321 3664 ἲ
2350 3605 2545 3666 Etiam
2584 3603 2741 3664 inter

424 3706 790 3776 spectatores
815 3699 930 3758 utri
973 3697 1094 3758 sint
1117 3697 1344 3778 plures,
1391 3705 1617 3778 specta.
1700 3697 1738 3757 J
1747 3716 1889 3759 trs-r.
1932 3699 2045 3771 En,
2076 3707 2305 3780 specto.
2390 3698 2529 3762 hu.
2572 3695 2737 3766 Quid

427 3789 592 3852 vides
619 3789 810 3871 erg-o?
889 3791 1076 3852 Jusr.
1125 3789 1326 3852 Multo
1353 3789 1555 3871 plures
1580 3789 1877 3852 mehercle
1907 3789 2183 3853 laticulos
2232 3790 2425 3854 video.
2478 3791 2635 3852 Nm
2674 3799 2741 3850 et

423 3884 602 3944 istum
630 3881 768 3942 novi
796 3901 932 3962 ego,
957 3895 1020 3944 et
1036 3881 1224 3957 illum,
1250 3895 1314 3945 et
1335 3883 1611 3944 crinitum
1654 3882 1907 3946 huncce.
1989 3884 2127 3947 Ins.
2174 3883 2339 3954 Quid
2365 3903 2511 3964 ergo
2534 3881 2739 3945 dieat

423 3978 461 4039 J
469 3994 616 4039 trs-r.
641 3977 968 4038 Vincimur.
1017 3977 1072 4038 Ο
1099 3976 1336 4047 cinoedi,
1362 3996 1470 4059 per
1489 3976 1639 4040 deos
1660 3980 1930 4050 obsecro,
1954 3976 2205 4057 accipite
2230 3995 2429 4038 meum
2454 3974 2735 4058 pellimus
2844 4048 2851 4056 ‚

425 4089 564 4132 nam
591 4069 672 4130 ad
695 4089 806 4131 vos
831 4071 1186 4152 transfugio.
1270 4071 1418 4132 Soc.
1460 4070 1624 4141 Quid
1654 4073 1857 4154 itaque
1875 4069 1905 4130 ἲ
1952 4079 2229 4132 utrumne
2254 4070 2347 4132 vis
2374 4070 2735 4150 prehensum

423 4163 606 4224 istum
631 4173 799 4224 tuum
827 4173 1074 4244 gnatum
1119 4161 1436 4238 abducere,
1485 4185 1563 4226 nu
1610 4177 1679 4228 ut
1724 4183 1858 4227 eum
1906 4162 2157 4225 doceam
2203 4161 2445 4224 dicendi
2492 4172 2679 4222 artem
2708 4160 2737 4221 ἲ

427 4255 702 4318 Sanus.
751 4256 920 4318 Doce
958 4268 1023 4318 et
1063 4256 1317 4338 castiga,
1343 4268 1407 4317 et
1429 4271 1749 4333 memento,
1776 4267 1848 4318 ut
1871 4259 2025 4321 bene
2058 4255 2203 4317 mihi
2248 4271 2507 4318 exacuas
2550 4271 2689 4315 eum
2710 4273 2731 4316 ε

425 4367 502 4410 ex
529 4348 714 4411 altera
738 4361 906 4432 parte
931 4360 1000 4411 ut
1021 4351 1076 4411 ei
1103 4350 1296 4412 bucca
1319 4349 1522 4413 valeat
1544 4352 1620 4413 ad
1648 4351 1897 4414 leviores
1924 4351 2100 4418 litcsz
2144 4350 2389 4413 alteram
2414 4365 2557 4410 vero
2582 4349 2731 4410 buc-

427 4459 558 4504 cam
597 4442 726 4521 ejus
765 4463 1010 4518 exacue,
1039 4453 1107 4504 ut
1143 4443 1340 4506 valeat
1385 4444 1462 4504 ad
1511 4446 1735 4526 majora
1776 4446 2035 4527 negotia.
2120 4444 2267 4507 Soc.
2308 4443 2404 4505 Ne
2444 4444 2525 4504 sis
2568 4444 2735 4505 solli-

423 4537 618 4606 citusz
661 4536 910 4619 recipies
949 4555 1086 4598 enirn
1133 4547 1535 4620 argutatorem
1572 4539 1845 4621 probum.
1929 4539 2139 4600 Pmn.
2182 4539 2372 4600 Immo
2416 4535 2733 4618 pallidum.
