3059 5059
328 415 670 503 τεο-356]
1283 419 1294 430 ·
1334 413 1524 480 vss
1550 416 1715 482 ΡΒ.
2542 423 2621 482 75

319 569 488 628 quem
525 546 665 612 vide
705 559 776 610 ut
811 547 1078 610 infames
1103 547 1408 629 plectasve
1467 552 1685 632 capite.
1770 552 1795 610 1
1837 569 1983 657 pree,
2034 569 2199 630 puer,
2243 547 2620 631 progredere.

317 639 1108 705 Puzn.G1-atiflcaberisne
1157 661 1302 723 ergo
1348 643 1514 718 mihi,
1576 653 1766 724 pater,
1816 644 1869 703 si
1918 641 2075 723 quid
2114 645 2223 704 abs
2268 654 2329 704 te
2368 659 2615 722 rogem.
2592 640 2621 684 ‘⁴'

317 735 530 798 cnon.
573 734 858 809 Omnino,
881 736 964 796 mi
987 735 1208 796 filiole.
1257 736 1370 796 sed
1397 735 1520 810 dic,
1550 737 1693 817 quid
1736 737 1883 798 velis
1920 757 2017 796 me
2058 735 2163 796 tibi
2206 755 2399 797 emere
2437 734 2626 796 boui.

316 829 560 890 arbitror
578 841 779 892 sutem
805 841 866 890 te
889 829 1186 892 dicturum
1207 827 1366 889 talos
1393 830 1671 903 fortasse,
1700 830 1781 890 mi
1818 830 1926 890 fili.
2008 828 2225 890 Pusa.
2258 828 2630 908 Neutiquam-

314 921 532 995 hercle,
555 933 728 1006 pater
755 921 1143 984 dulcissime·
1126 966 1144 990 ‚
1204 921 1314 982 sed
1335 922 1526 984 ficus·
1511 968 1527 983 .
1576 922 1713 1002 plus
1744 923 1901 984 enim
1918 921 2181 1002 placent.
2230 922 2449 982 Onon.
2480 920 2621 980 Nou

314 1013 522 1096 edepol
541 1035 758 1089 emam,
787 1017 841 1076 si
857 1015 952 1077 vel
978 1013 1360 1095 suspendatis
1386 1033 1515 1076 vos.
1560 1015 1775 1079 Pusn.
1800 1017 1937 1076 Non
1958 1015 2175 1096 edepol
2200 1033 2345 1096 ergo
2364 1013 2627 1094 emplius

315 1117 372 1167 te
389 1104 712 1168 deducam.
756 1109 974 1170 Cnon.
999 1108 1156 1170 Nem
1173 1109 1252 1169 ab
1279 1109 1398 1170 ista
1417 1109 1581 1170 tenui
1610 1110 1889 1172 mercede
1908 1108 2225 1190 judiciaria
2242 1117 2479 1189 oportet
2506 1117 2625 1168 ter·

311 1199 454 1260 tium
497 1219 598 1260 me
641 1220 804 1261 nunc
851 1201 1072 1262 habere
1119 1221 1338 1284 panem
1367 1213 1430 1264 et
1453 1203 1619 1282 lig-na
1644 1214 1709 1264 et
1728 1204 2089 1264 obsonium:
2140 1211 2209 1262 tu
2238 1212 2439 1262 autem
2464 1220 2623 1281 prm·

313 1301 467 1353 terea
493 1293 650 1354 ficus
681 1315 722 1355 a
751 1313 848 1354 me
871 1293 1028 1374 petis
1053 1293 1081 1353 2
1163 1295 1378 1356 Poma.
1421 1295 1555 1376 Age
1581 1315 1743 1368 vero,
1772 1296 1851 1356 mi
1877 1307 2068 1377 pater,
2092 1295 2144 1355 si
2176 1294 2435 1357 noluerit
2460 1294 2629 1354 Pra-

315 1397 402 1448 tor
427 1405 592 1447 nuuc
621 1387 750 1448 {ieri
777 1407 1128 1450 consessum
1147 1389 1445 1469 judicum,
1465 1388 1627 1450 unde
1651 1408 1914 1450 ememus
1948 1387 2309 1468 prandium?
2362 1387 2627 1449 habesne

315 1499 474 1559 spem
501 1479 770 1560 aliquam
794 1482 1016 1542 bonam
1043 1482 1236 1557 nobis,
1267 1493 1372 1544 aut
1412 1483 1566 1544 vias·
1611 1483 1813 1544 Helles
1854 1482 2126 1544 moran?
2207 1481 2423 1543 Onon..
2464 1481 2629 1560 Apu-

313 1577 442 1653 μοι
483 1572 650 1634 beu!
693 1574 984 1655 Equidem
1025 1573 1228 1635 hercle
1269 1575 1501 1647 nescio,
1542 1577 1707 1638 unde
1748 1576 1923 1637 nobis
1976 1575 2089 1636 erit
2138 1593 2332 1637 coeua.
2412 1573 2631 1636 Pon.

315 1667 432 1727 Gur
457 1687 556 1728 me
583 1687 734 1749 ergo
759 1667 1064 1748 peperisti,
1091 1686 1130 1728 o
1157 1667 1360 1730 infelix
1389 1679 1601 1742 mater,
1625 1681 1693 1730 ut
1720 1669 2025 1730 molestias
2056 1668 2332 1730 sufferam
2358 1667 2421 1728 in
2458 1667 2629 1728 alen-

315 1758 388 1820 do
411 1759 633 1841 patre?
716 1765 934 1823 Onon.
965 1760 1184 1822 Inutile
1213 1781 1380 1842 ergO,
1406 1781 1444 1822 o
1483 1764 1749 1837 saecule,
1790 1773 1853 1823 te
1893 1763 2075 1823 habui
2118 1762 2329 1824 decus.
2412 1761 2629 1822 Puta.

317 1854 470 1926 Heu,
497 1854 662 1914 beu!
689 1855 882 1936 parati
909 1853 1084 1914 nobis
1105 1865 1250 1914 sunt
1275 1855 1554 1934 gemitus.

386 1947 602 2009 Pnu..
643 1949 858 2020 Amici,
883 1945 1116 2008 dudum
1143 1949 1411 2020 tabesco,
1438 1967 1545 2027 per
1573 1948 1841 2009 foramen
1878 1968 1989 2010 vos
2031 1949 2305 2020 audiens,
2340 1945 2631 2026 vobisque

317 2059 676 2120 responsare
714 2040 989 2122 cupiens.
1071 2039 1195 2100 Sed
1236 2059 1452 2102 canere
1511 2060 1769 2120 nequeo.
1852 2041 2015 2111 Quid
2074 2041 2299 2122 agam?
2348 2040 2635 2102 adservor

315 2135 386 2194 ab
411 2133 568 2194 istis.
653 2132 1026 2213 Jampridem
1049 2133 1210 2194 enim
1237 2133 1413 2214 cupio
1441 2134 1751 2198 vobiscum
1790 2134 1873 2194 ire
1916 2135 1996 2196 ad
2036 2153 2235 2197 urnas·
2254 2135 2633 2217 judiciarius,

315 2237 370 2288 et
391 2228 531 2288 mali
561 2226 716 2306 quid
743 2226 963 2289 facere.
1051 2226 1200 2299 Sed,
1229 2246 1267 2287 o
1295 2226 1553 2308 Jupiter,
1582 2239 1729 2287 tona
1753 2227 2152 2302 vehementer,
2194 2241 2257 2290 et
2294 2249 2391 2291 me
2432 2227 2633 2290 subito

317 2321 407 2381 fac
431 2321 696 2394 fumum,
724 2329 832 2380 aut
858 2318 1315 2393 Proxeuiadem,
1356 2330 1462 2381 aut
1501 2320 1647 2381 Selli
1686 2320 1897 2394 filium,
1938 2321 2040 2402 qui
2080 2323 2361 2382 mentitur
2400 2323 2635 2382 labrus-

317 2431 440 2476 cam
467 2431 485 2474 ε
547 2432 632 2473 ne
689 2411 918 2489 dubita,
975 2434 1013 2475 o
1061 2433 1184 2486 rex,
1231 2413 1394 2474 istud
1453 2413 1595 2474 mibi
1652 2414 1990 2494 gratificari,
2044 2424 2265 2474 sortem
2318 2414 2633 2476 miseratus

316 2523 498 2567 meam
523 2525 544 2566 ε
607 2516 720 2567 aut
741 2527 838 2568 me
865 2507 1112 2570 fulmine
1139 2506 1374 2568 ardenti
1393 2506 1627 2568 cinefac
1668 2505 1878 2568 ocius:
1936 2505 2155 2568 deinde
2194 2527 2289 2568 me
2332 2507 2633 2568 sublatum

315 2599 452 2660 flatu
493 2598 746 2679 impelle
787 2599 852 2659 in
881 2599 1118 2662 acidam
1167 2601 1416 2660 muriam
1439 2601 1804 2668 ferventemz
1850 2609 1955 2662 aut
1980 2620 2077 2660 me
2102 2601 2163 2661 in
2190 2598 2445 2680 lapidem
2466 2599 2634 2660 illum

317 2701 620 2764 converte,
641 2711 822 2774 super
847 2713 972 2773 quo
999 2691 1266 2754 calculos
1295 2692 1697 2754 dinumerant.
1784 2694 2003 2756 Onon..
2035 2694 2187 2763 Quis
2218 2701 2313 2753 est
2338 2711 2505 2772 ergo,
2532 2694 2634 2772 qui

316 2793 374 2844 te
399 2785 487 2846 sic
507 2784 780 2860 cohibet,
811 2796 873 2846 et
897 2784 1164 2848 occludit
1191 2785 1390 2846 fores?
1463 2786 1615 2855 Dim
1672 2805 1815 2848 nam
1856 2787 2062 2849 amicis
2106 2787 2347 2848 dixeris.
2431 2785 2635 2848 Pmr..

319 2877 555 2940 Gnatus
595 2897 790 2940 meus.
873 2880 997 2941 Sed
1029 2899 1108 2942 ue
1157 2879 1453 2941 clamate:
1513 2879 1732 2942 etenim
1770 2881 1833 2938 in
1876 2881 2167 2942 anteriore
2206 2888 2377 2960 parte
2414 2879 2636 2941 tedium

319 2969 528 3032 dormit
547 2991 568 3031 ε
631 2971 738 3032 sed
769 2973 1150 3034 submissiore
1173 2991 1320 3034 voce
1349 2971 1681 3052 loquimini.
1765 2973 1985 3033 Onon.
2027 2978 2111 3033 At
2142 2973 2261 3034 ista
2305 2972 2551 3048 faciens,
2596 2993 2637 3035 o

319 3074 600 3144 nugator,
629 3083 892 3144 quanam
915 3085 956 3126 a
981 3085 1046 3128 re
1073 3085 1142 3127 se
1168 3059 1601 3146 prohibiturum
1626 3075 1687 3126 te
1715 3065 1989 3145 cogitat?
2026 3085 2345 3147 quamnam
2378 3075 2637 3147 praeten-

323 3171 408 3230 dit
453 3170 754 3233 causam?
835 3171 1036 3233 Pau..
1083 3172 1219 3232 Non
1270 3171 1410 3233 sinit
1437 3191 1555 3244 me,
1586 3189 1623 3232 o
1650 3171 1844 3245 amici,
1867 3171 2159 3252 judicare,
2188 3191 2302 3233 nec
2328 3169 2635 3253 quidpiam

319 3266 453 3326 mali
491 3267 718 3329 fucere.
803 3265 926 3326 Sed
951 3286 1048 3327 me
1091 3265 1376 3328 conviviis
1421 3266 1750 3327 exhilarare
1797 3278 2043 3346 paratus
2082 3276 2214 3334 est:
2274 3287 2390 3346 ego
2436 3276 2637 3327 autem

321 3359 473 3421 nolo.
564 3359 786 3422 Onon..
837 3359 1108 3421 Hoccine
1133 3361 1399 3441 impurus
1426 3359 1528 3421 ille
1559 3379 1742 3422 ausus
1772 3371 1867 3420 est
1893 3359 2141 3433 hiscere,
2169 3359 2383 3442 Populi
2410 3372 2473 3424 et
2494 3361 2635 3422 Cle·-

319 3453 446 3513 onis
484 3472 651 3525 osor,
681 3451 824 3532 quis
844 3453 1116 3515 nimirum
1165 3473 1304 3516 vera
1353 3453 1505 3515 dicis
1554 3452 1631 3515 de
1681 3453 1981 3514 navibus?
2062 3454 2264 3516 Pmr..
2315 3455 2637 3538 Nunquam

315 3561 462 3606 sane
490 3545 612 3611 iste
639 3543 821 3606 bomo
850 3545 966 3608 hoe
995 3555 1180 3609 ausus
1210 3547 1420 3609 fuisset
1449 3547 1672 3619 dicere,
1702 3547 1814 3607 nisi
1854 3547 2277 3628 conjurationis
2324 3561 2487 3610 esset
2532 3549 2639 3611 ali·

319 3639 482 3720 cujus
507 3639 840 3722 particeps.
923 3639 1144 3703 Onon.
1200 3640 1320 3702 Sed
1349 3640 1482 3701 haec
1509 3659 1695 3721 quum
1726 3640 1811 3700 ita
1836 3641 1981 3714 sint,
2028 3651 2265 3723 tempus
2310 3657 2407 3704 est
2448 3641 2637 3704 maxi·-

319 3751 500 3808 mum,
525 3741 602 3794 ut
625 3751 864 3816 quaeras
891 3753 1114 3796 novum
1139 3733 1388 3815 aliquod
1407 3743 1828 3806 commentum,
1858 3734 2019 3815 quod
2048 3747 2107 3796 te
2136 3736 2319 3798 faciat
2338 3735 2493 3796 clam
2521 3736 2639 3797 isto

321 3825 444 3886 viro
463 3825 598 3896 ,buc
623 3825 1030 3898 descendere„
1097 3827 1303 3889 Pmr..
1351 3827 1655 3897 Quidnam
1682 3827 1747 3888 id
1776 3847 1909 3889 esse
1940 3829 2129 3909 possit
2146 3828 2175 3888 2
2230 3849 2337 3891 vos
2366 3829 2641 3910 quoerite.

326 3917 486 3980 Nam
515 3937 634 4000 ego
653 3919 968 4000 quodlibet
995 3921 1230 3994 faciam,
1257 3931 1427 3982 tanta
1453 3921 1645 4001 flagro
1670 3921 1997 4002 cupiditate
2024 3941 2129 4002 per
2174 3922 2457 3984 subsellia
2496 3941 2635 4003 spa-

323 4011 456 4072 tiari
483 4032 623 4073 cum
652 4013 910 4074 calculo.
991 4017 1208 4076 Onon.
1263 4015 1469 4090 Estne,
1495 4034 1727 4095 quaeso,
1756 4017 2021 4076 foramen
2044 4015 2307 4096 aliquod,
2341 4017 2504 4096 quod
2550 4017 2639 4076 in-

325 4116 420 4166 tus
447 4107 650 4187 possis
669 4105 999 4186 perfodere,
1031 4117 1212 4190 atque
1239 4109 1395 4170 elabi
1421 4109 1637 4191 pannis
1658 4119 1875 4182 tectus,
1900 4111 1989 4169 uti
2030 4107 2283 4171 callidus
2320 4110 2419 4171 ille
2460 4110 2641 4192 Ulys-

327 4215 422 4258 εει
443 4198 472 4258 2
527 4199 729 4261 Pmr..
777 4200 1000 4260 Omnia
1025 4213 1171 4263 suut
1195 4205 1468 4283 obsepta,
1497 4221 1611 4266 uec
1640 4203 1732 4264 vel
1763 4201 2028 4263 formica
2050 4211 2217 4284 patet
2244 4203 2463 4266 exitus.
2514 4201 2638 4263 Sed

327 4289 492 4355 uliud
511 4293 818 4373 quidpiam
841 4311 1103 4373 quaerere
1129 4315 1238 4356 vos
1267 4307 1541 4378 oportett
1568 4315 1675 4377 per
1702 4299 1965 4357 foramen
1988 4315 2299 4378 perrepere
2328 4315 2449 4358 non
2477 4297 2639 4358 licet.

329 4383 554 4445 cnon.
585 4385 996 4448 .Meministin’
1027 4408 1194 4470 ergo,
1225 4401 1291 4450 ut
1329 4389 1593 4451 militans
1622 4387 1763 4450 olim
1808 4391 2039 4452 furatus
2086 4409 2154 4451 es
2206 4409 2410 4465 verus,
2448 4388 2639 4469 iisque

329 4473 601 4557 depactis
625 4478 690 4538 in
729 4497 962 4542 murum
989 4501 1068 4543 ex
1121 4503 1196 4544 eo
1243 4494 1306 4545 te
1349 4484 1665 4558 demisisti,
1709 4483 1953 4563 quando
2003 4484 2213 4546 Naxus
2258 4493 2437 4563 capta
2481 4481 2641 4542 fuit?

333 4565 536 4644 Pmr..
591 4569 748 4634 No‘vi
767 4591 790 4637 ι
831 4571 940 4637 sed
963 4575 1112 4660 quid
1139 4575 1346 4640 istud?
1393 4597 1514 4640 non
1546 4577 1701 4639 enim
1726 4576 1824 4639 hic
1846 4588 2041 4640 status
2076 4597 2267 4639 rerum
2302 4575 2389 4637 illi
2436 4573 2639 4638 similis
