3059 5059
25 4929 98 5021 57

343 395 423 454 22
1071 393 1894 456 Aals'roPnAms
2340 393 2645 473 [as-101

341 524 655 585 enarrem?
738 523 888 586 Nre.
931 524 1067 584 Non
1112 527 1221 585 abs
1272 544 1336 586 re
1385 525 1600 586 suerit:
1646 523 1755 584 sed
1806 543 1988 585 unum
2032 522 2149 586 hoc
2205 543 2310 588 eos
2352 541 2654 603 rogemus,

339 616 717 678 manifestum
745 629 812 677 ut
853 617 1024 678 nobis
1066 617 1228 676 vultu
1276 617 1524 692 saciant,
1569 636 1643 677 an
1689 618 2059 678 sermonibus
2102 617 2323 678 nostris
2366 624 2429 674 et
2469 616 2647 675 rebus

338 708 730 770 delectentur.
815 710 994 770 Dan.
1037 711 1173 769 Jam
1220 709 1485 789 eloquar.
1573 709 1763 770 Nobis
1811 721 1907 770 est
1948 711 2127 770 herus
2177 709 2319 770 ieris
2364 707 2652 778 moribus,

333 802 510 862 fabas
537 803 784 875 esitans,
811 804 1184 875 cerebrosus,
1213 803 1442 863 Demm
1469 802 1825 882 Pnycensis,
1854 821 2130 862 morosus
2162 797 2489 868 seniculus,
2517 819 2652 859 sur-

339 895 564 955 daster.
649 895 771 956 Iste
813 895 1116 975 superiore
1160 893 1465 954 novilunio
1508 894 1654 954 emit
1682 914 1939 967 servum,
1966 893 2279 955 coriarium
2309 891 2653 974 Paphlago-

339 1007 498 1062 nem,
539 987 936 1060 vaferrimam,
987 986 1473 1048 calumniatorem
1517 987 1865 1068 pessimum.
1950 986 2082 1059 Ille,
2126 997 2443 1066 perspecto
2486 985 2649 1044 senis

308 1080 604 1160 'ingenio,
646 1080 931 1140 coriarius
977 1078 1314 1159 Paphlago,
1364 1080 1532 1140 canis
1581 1081 1641 1139 in
1692 1079 1933 1140 modum
1977 1079 2123 1141 hero
2166 1099 2231 1139 se
2272 1078 2647 1149 submittens,

337 1173 614 1246 blandiri,
643 1172 1004 1254 suppalpari,
1036 1172 1264 1232 adulari
1292 1173 1492 1253 coepit,
1519 1193 1777 1254 eumque
1810 1172 2108 1252 decipere,
2139 1171 2357 1232 oblatis
2385 1189 2651 1250 praeseg-

337 1268 594 1327 minibus
623 1266 911 1328 coriorum
937 1265 1201 1339 minutis,
1227 1265 1360 1325 haec
1391 1266 1640 1327 dicens:
1690 1267 1742 1326 0
1772 1269 1975 1337 Deme,
1999 1268 2023 1325 i
2050 1265 2329 1338 lavatum,
2358 1265 2460 1324 ubi
2472 1267 2649 1345 prius

338 1381 518 1420 unam
547 1360 708 1420 litem
751 1358 1174 1438 dijudicaveris
1194 1378 1215 1417 .·
1255 1379 1412 1420 sume
1453 1359 1659 1439 qffam,
1688 1359 1875 1432 serbe,
1887 1362 2089 1438 jenta,
2121 1377 2260 1438 cape
2291 1358 2607 1419 triobolum
2628 1377 2651 1416 .·

339 1451 460 1516 vin'
486 1461 556 1512 ut
585 1471 802 1514 coenam
827 1453 942 1512 tibi
981 1452 1378 1530 anteponam?
1462 1451 1701 1512 Deinde
1744 1451 2044 1531 abripiens
2073 1450 2475 1531 quodcunque
2505 1471 2647 1512 nos-

338 1556 490 1606 trum
515 1545 806 1626 quispiam
834 1543 1148 1624 paraverit,
1179 1543 1322 1602 hero
1351 1543 1500 1603 illud
1529 1543 1777 1624 largitur
1807 1542 2139 1626 Paphlago,
2227 1542 2435 1624 Nuper
2465 1543 2644 1604 etiam

337 1659 520 1722 quum
545 1639 600 1699 ei
628 1656 852 1698 mazam
879 1636 1241 1723 pinsuissem
1269 1635 1329 1695 in
1362 1635 1516 1716 Pylo
1547 1637 1925 1710 Laconicam,
1948 1635 2261 1696 vaferrimo
2288 1635 2495 1696 nescio
2524 1657 2645 1715 quo

335 1751 432 1792 me
474 1731 655 1792 modo
680 1730 1088 1802 circumvenit,
1117 1739 1564 1810 surreptamque
1592 1729 1762 1810 ipsus
1807 1729 2089 1808 adposuit
2117 1729 2282 1803 hero,
2310 1749 2489 1808 quam
2532 1749 2645 1810 ego

335 1825 696 1905 pinsueram.
780 1823 910 1882 Nos
954 1831 1152 1882 autem
1197 1821 1404 1901 abigit,
1451 1841 1565 1882 nec
1596 1822 1737 1884 sinit
1775 1833 1844 1882 ut
1871 1822 2078 1883 herum
2110 1823 2261 1884 alius
2290 1822 2490 1883 colat:
2536 1824 2643 1884 sed

335 1917 668 1981 coriaceum
693 1915 994 1976 flabellum
1037 1924 1273 1987 tenens,
1303 1915 1567 1976 coenanti
1616 1915 1822 1976 adstat
1857 1915 2026 1988 hero,
2056 1925 2119 1975 et
2146 1915 2413 1976 rhetoras
2442 1927 2645 1985 arcetg

333 2010 611 2090 canitque
638 2006 916 2069 oracula:
957 2005 1100 2068 inde
1149 2027 1332 2068 senex
1377 2007 1667 2070 intentam
1714 2008 1955 2089 Sibyllis
2000 2008 2181 2070 habet
2206 2017 2501 2069 mentem:
2544 2008 2645 2068 ille

332 2121 474 2164 vero
499 2102 600 2162 ubi
627 2121 762 2162 eum
789 2099 954 2162 videt
981 2099 1182 2160 studio
1199 2100 1328 2180 jam
1369 2101 1697 2182 stupidum,
1730 2121 1885 2183 opus
1914 2100 2286 2180 adgreditur.
2372 2101 2527 2160 Nam
2555 2101 2646 2162 fa-

333 2195 592 2257 miliares
617 2205 818 2274 aperte
845 2192 1012 2254 falsis
1039 2193 1380 2254 criminibus
1409 2205 1698 2256 accusat:
1731 2193 1951 2255 deinde
1971 2195 2174 2274 flagris
2196 2193 2484 2256 coedimur
2506 2214 2641 2256 nos.

337 2288 476 2368 Ipse
499 2307 640 2348 vero
666 2286 981 2367 Paphlago
1009 2287 1484 2351 circumcursitat
1511 2287 1789 2362 famulos,
1816 2288 1985 2369 petit,
2001 2289 2219 2360 turbat,
2240 2303 2487 2348 munera
2500 2309 2645 2368 cap-

334 2390 445 2455 tat,
471 2381 602 2442 bam
631 2381 874 2442 dicensi
923 2379 1167 2450 Videtis,
1199 2387 1266 2440 ut
1300 2380 1499 2460 Hylas
1521 2390 1777 2461 propter
1802 2381 2137 2462 meflagris
2164 2380 2423 2443 caditur
2442 2382 2475 2440 ?
2521 2383 2644 2442 nisi

331 2495 418 2536 m
461 2475 860 2554 placaveritis,
907 2473 1082 2534 laodic
1129 2475 1477 2536 moriemini.
1562 2475 1691 2535 Nos
1736 2495 1875 2537 vero
1912 2474 1999 2535 illi
2028 2473 2243 2534 damus
2268 2493 2284 2533 ε
2334 2472 2424 2534 sin
2454 2475 2643 2548 aliter,

331 2567 670 2628 conculcati
714 2585 750 2628 a
795 2586 940 2628 sene
981 2565 1288 2646 octuplum
1329 2586 1631 2630 cacamus.
1715 2569 1894 2628 Nunc
1923 2567 2125 2647 itaque
2154 2567 2470 2646 diligenter
2495 2587 2642 2628 con-

333 2661 682 2734 sideremus,
725 2679 762 2720 o
809 2660 988 2733 bone,
1034 2677 1355 2739 quamnam
1403 2661 1559 2721 viam
1608 2661 1904 2734 insistere,
1950 2670 2012 2720 et
2050 2659 2131 2720 ad
2158 2679 2479 2739 quemnam
2528 2679 2638 2722 nos

329 2765 672 2816 convertere
719 2753 1060 2814 debeamus.
1145 2753 1300 2814 Nic.
1342 2753 1589 2832 Optima
1616 2754 1815 2825 suerit,
1844 2773 1881 2814 o
1912 2755 2091 2826 bone,
2122 2753 2241 2825 via,
2268 2773 2451 2834 quam
2494 2753 2639 2828 dixi,

329 2847 806 2928 illa,sngiamus.
891 2847 1070 2906 Dan.
1113 2845 1238 2906 Sed
1281 2846 1429 2906 nihil
1455 2847 1607 2908 clam
1648 2847 2191 2929 Paphlagonefieri
2216 2858 2457 2926 potest:
2501 2867 2639 2908 nam

329 2942 587 3020 ipsemet
609 2938 810 3000 omnia
835 2940 1154 3019 inspectat.
1241 2941 1440 3001 Habet
1469 2943 1627 3000 enim
1656 2960 1793 3002 crus
1816 2940 2065 3000 alterum
2094 2940 2153 2999 in
2182 2936 2355 3020 Pylo,
2388 2941 2637 3002 alterum

329 3033 390 3092 in
419 3032 728 3094 concione.
813 3032 1098 3094 Cruribus
1141 3033 1348 3112 itaque
1375 3033 1504 3112 ejus
1536 3047 1703 3094 tanto
1722 3034 2035 3095 intervallo
2074 3032 2438 3109 divaricatis,
2466 3034 2641 3096 culus

329 3145 540 3205 reapse
565 3126 744 3186 estin
779 3125 1043 3189 Hiautia
1064 3144 1085 3184 .·
1128 3145 1342 3186 manus
1372 3137 1621 3206 utraque
1648 3127 1709 3186 in
1742 3127 1980 3188 Petilia
2000 3148 2021 3186 .·
2060 3145 2227 3188 mens
2254 3145 2393 3188 vero
2418 3127 2483 3186 in
2514 3129 2643 3189 cle-

322 3219 534 3300 pidsm
574 3218 748 3279 tribu.
836 3218 990 3280 Nrc.
1035 3217 1188 3277 Mori
1235 3217 1436 3298 itaque
1485 3220 1773 3299 optimum
1820 3222 1931 3281 erit
1978 3220 2150 3280 nobis
2178 3240 2193 3280 ε
2238 3219 2347 3281 sed
2396 3221 2533 3281 vide
2571 3233 2641 3283 ut

329 3312 650 3372 moriamur
675 3329 854 3390 quam
883 3311 1138 3370 maxime
1163 3310 1430 3372 viriliter.
1517 3312 1697 3374 Dur.
1742 3314 1883 3388 Qui,
1908 3313 2166 3394 quaeso?
2206 3315 2309 3395 qui
2335 3315 2635 3395 possimus

325 3423 513 3484 quam
556 3403 812 3464 maxime
857 3402 1134 3464 viriliter?
1219 3405 1367 3466 Nic.
1411 3405 1715 3486 Optimum
1760 3417 1855 3468 est
1892 3407 2062 3466 nobis
2104 3408 2401 3468 taurinum
2430 3421 2639 3489 potare

327 3497 722 3576 sanguinem:
763 3513 904 3556 nam
929 3495 1350 3558 Themistoclis
1381 3498 1561 3562 letum
1589 3499 1843 3560 maxime
1872 3499 2271 3577 expetendum
2298 3512 2413 3562 est.
2457 3501 2635 3562 Dum.

327 3589 468 3650 Non
495 3589 694 3650 hercle
723 3590 1097 3670 sanguinem,
1125 3590 1236 3651 sed
1257 3609 1482 3652 merum
1511 3591 1667 3652 Boni
1698 3593 1873 3654 Geni.
1936 3591 2111 3654 Forte
2140 3591 2297 3654 enim
2326 3592 2470 3654 utile
2488 3593 2635 3673 quid

323 3681 879 3763 excogitaverimus.
921 3683 1074 3744 Nrc.
1105 3685 1264 3745 Ecce
1279 3703 1418 3744 vero
1435 3689 1703 3746 mmm!
1735 3687 1971 3766 Ergone
1988 3685 2066 3746 de
2088 3696 2237 3764 potu
2265 3687 2371 3748 tibi
2394 3687 2637 3767 agitur?

325 3775 426 3856 qui
470 3795 612 3836 vero
665 3775 814 3837 utile
857 3776 1002 3856 quid
1045 3777 1470 3856 excogitaverit
1499 3777 1683 3840 homo
1732 3777 2139 3840 temulentus?
2219 3779 2399 3841 Dan.
2445 3781 2634 3850 Itane,

325 3888 364 3928 o
393 3868 596 3941 stulte,
623 3869 860 3949 ineptis,
891 3888 1051 3950 aqua
1079 3881 1138 3931 te
1163 3871 1545 3952 ingurgitans
1571 3870 1596 3930 'i
1638 3871 1907 3933 audesne
1935 3871 2137 3934 vinum
2166 3872 2541 3946 calumniari,
2568 3884 2637 3935 ut

323 3961 613 4022 acuendae
641 3963 827 4022 menti
853 3963 1051 4024 minus
1079 3964 1403 4026 idoneum?
1429 3965 1705 4044 possisne
1726 3985 1863 4028 vero
1890 3966 2197 4047 quidpiam
2214 3966 2355 4026 vino
2372 3967 2681 4042 invenire,

323 4053 665 4115 efficacius?
687 4055 922 4118 viden’?
939 4077 1124 4136 quam
1141 4068 1354 4138 potant
1371 4058 1669 4134 homineS,
1686 4069 1829 4122 tunc
1852 4061 2180 4132 ditescunt,
2202 4061 2443 4139 negotia
2462 4079 2635 4139 pera-

323 4157 500 4226 gunt,
511 4147 686 4208 vincu
695 4160 763 4209 nt
789 4147 948 4224 lites,
975 4151 1134 4211 beati
1155 4152 1327 4224 fiunt,
1349 4163 1602 4232 prosunt
1618 4153 1845 4213 amieis.
1887 4151 2011 4214 Sed
2030 4152 2179 4214 effer
2203 4153 2347 4213 mibi
2366 4153 2487 4215 cito
2510 4154 2629 4212 vini

318 4239 626 4319 congium,
647 4251 906 4303 mentem
933 4253 1000 4303 ut
1027 4244 1284 4324 irrigem,
1313 4255 1375 4306 et
1403 4245 1601 4307 dicam
1628 4245 1889 4326 lepidum
1918 4246 2233 4326 quiddam.
2316 4247 2473 4308 Nxc.
2516 4247 2631 4306 Hei

319 4331 502 4393 mihi!
545 4332 688 4413 quid
739 4335 914 4396 nobis
956 4337 1144 4398 facies
1185 4357 1323 4399 cum
1366 4350 1470 4400 tuo
1517 4338 1707 4420 potu?
1790 4340 1969 4400 Dan.
2014 4340 2200 4402 Bona.
2290 4340 2413 4400 Sed
2442 4337 2627 4400 affert

319 4445 434 4505 ego
461 4447 600 4489 vero
627 4427 1002 4491 decumbam.
1047 4432 1112 4491 Si
1137 4431 1294 4494 enim
1316 4431 1641 4494 inebriatus
1663 4433 1852 4507 fuero,
1874 4433 2078 4494 omnia
2100 4434 2214 4495 ista
2230 4445 2626 4513 conspergant

319 4521 668 4595 consiliolis,
718 4524 1114 4598 sententiolis,
1155 4537 1214 4587 et
1245 4525 1613 4589 ratiunculis.
1701 4525 1851 4588 Nic.
1898 4527 1951 4585 Ο
1983 4527 2204 4588 factum
2236 4529 2409 4600 bene,
2452 4523 2619 4606 quod
