3059 5059
330 413 691 496 vas-706]
920 417 2060 485 TnsssmovnomAzusAE.
2506 430 2622 490 1⁵9

325 546 510 610 Mur„
541 547 649 609 v1.
676 549 756 609 Et
782 546 987 610 decem
1012 567 1249 611 menses
1276 548 1442 610 illum
1466 549 1525 609 in
1547 559 1716 612 utero
1733 553 1983 632 gestavi.
2038 553 2256 617 Mnus.
2287 553 2623 619 Gestastin'

322 639 439 702 tu?
526 642 709 703 Μυι..
739 642 847 703 Vl.
880 643 973 702 Ita
1010 663 1108 702 me
1156 642 1409 722 sospitet
1442 641 1664 704 Diana.
1748 644 1968 707 Muza.
2009 646 2219 707 Trium
2269 650 2617 730 cotylamm,

326 743 431 794 aut
458 735 669 814 quanti
696 735 1025 817 capacem?
1080 733 1177 795 die
1204 734 1367 796 mihi.
1450 735 1632 796 Mur..
1662 735 1772 797 v1.
1803 737 1964 807 Quid
2005 739 2432 804 mihi.secisti?
2471 763 2620 805 exu-

320 825 445 898 isti,
474 826 812 906 impudens,
840 846 1037 888 meum
1064 828 1351 890 infantem
1399 827 1686 902 vestibus,
1735 830 1838 910 qui
1885 831 2152 892 tantillus
2201 846 2315 894 est.
2353 875 2360 882 -
2397 835 2616 898 Mults.

324 918 672 980 Tantillus?
770 921 953 983 Mur..
996 921 1107 984 v1.
1156 921 1273 982 Per
1328 932 1562 984 ecastor
1614 939 1858 1002 parvus.
1942 923 2162 988 Mnus.
2211 927 2378 996 Quot
2428 946 2619 991 annos

324 1031 467 1073 vero
495 1021 673 1074 natus
698 1013 841 1075 est?
886 1025 1007 1074 tres
1036 1013 1307 1095 congios,
1338 1033 1415 1074 an
1442 1014 1744 1100 quatuor}
1825 1015 2008 1077 Mur..
2038 1017 2144 1078 VI.
2176 1017 2324 1080 Fere
2364 1030 2620 1093 tantum,

322 1115 383 1166 et
410 1118 701 1184 quantum
728 1107 1011 1186 temporis
1032 1125 1071 1166 a
1093 1109 1373 1187 proximis
1406 1107 1774 1168 Liberalibus
1799 1108 2046 1171 effluxit.
2102 1110 2225 1171 Sed
2254 1109 2434 1172 redde
2459 1131 2618 1172 eum.

326 1197 552 1268 Mass.
584 1199 744 1260 Non.
825 1199 1021 1260 Testis
1066 1199 1207 1260 mihi
1248 1201 1326 1260 sit
1371 1199 1468 1262 hic
1507 1198 1745 1281 Apollo.
1828 1200 2010 1263 Mur„
2053 1203 2163 1265 VI.
2210 1204 2621 1266 cremabimus

323 1289 507 1368 igitur
534 1301 615 1352 te.
700 1292 919 1352 Mune.
949 1291 1241 1354 Cremetis
1269 1293 1447 1355 licet:
1488 1292 1622 1354 boec
1650 1313 1790 1354 vero
1803 1293 2178 1374 jugulabitur
2203 1296 2382 1360 illico.
2439 1297 2624 1360 Mur..

324 1381 434 1445 VI.
478 1383 575 1443 Ne
601 1383 807 1460 facias,
833 1386 1083 1447 obsecro
1124 1394 1220 1446 te:
1268 1387 1377 1447 sed
1420 1405 1539 1459 me,
1577 1386 1776 1469 potius
1819 1405 1998 1466 quam
2036 1388 2219 1463 hunc,
2261 1410 2622 1473 quocunque

323 1475 441 1551 vis,
486 1477 657 1538 affice
713 1477 891 1540 malo.
992 1479 1210 1540 Mnus.
1256 1479 1485 1540 Amans
1540 1478 1855 1538 liberorum
1903 1478 2122 1542 videris
2179 1501 2316 1543 esse
2367 1493 2618 1546 natura:

324 1567 435 1630 sed
486 1569 869 1632 nihilominus
907 1571 1039 1633 hoec
1053 1571 1445 1654 jugulabitur.
1525 1571 1715 1631 Mur..
1751 1571 1858 1630 Vl.
1911 1572 2024 1632 Hei
2075 1573 2242 1649 mihi,
2280 1575 2438 1636 filiai
2521 1577 2625 1638 Da

326 1663 469 1723 mihi
521 1663 775 1738 alveum,
822 1664 1051 1739 Mania,
1099 1676 1171 1726 ut
1216 1665 1427 1726 saltem
1470 1663 1823 1744 sanguinem
1891 1663 2029 1724 filiae
2093 1685 2245 1726 mem
2308 1669 2624 1749 excipiam.

328 1754 439 1814 Mn
456 1775 551 1815 ns.
599 1757 885 1835 Subpone
922 1776 1115 1816 eum:
1175 1757 1554 1837 gratificabor
1599 1755 1756 1817 enim
1808 1755 1925 1816 boc
1977 1771 2158 1817 unum
2213 1759 2343 1820 tibi.
2433 1761 2622 1823 Mur..

324 1847 435 1908 vl.
490 1847 653 1907 Male
706 1866 939 1928 pereas.
1018 1847 1215 1916 Quam
1263 1848 1499 1910 invidus
1552 1868 1619 1909 es
1667 1859 1730 1910 et
1779 1847 2142 1912 malevolus!
2191 1850 2412 1912 Muza.
2435 1852 2624 1912 Pellis

323 1941 459 2000 haec
508 1939 802 2000 sacerdoti
858 1938 1058 1999 cedet.
1166 1939 1347 2001 Μσῐ..
1394 1941 1507 2003 Vl.
1563 1940 1726 2011 Quid
1781 1939 1959 2002 cedet
2005 1940 2301 2002 sacerdoti
2320 1943 2348 2000 ἲ
2401 1944 2620 2010 Mnus.

326 2033 421 2092 En
474 2033 697 2113 accipe.
808 2032 990 2093 Mur..
1040 2032 1181 2093 vn.
1238 2031 1574 2094 Miserrima
1626 2033 1813 2107 Mica,
1867 2033 2001 2115 quis
2063 2033 2266 2114 puella
2320 2044 2378 2096 te
2425 2037 2622 2116 priva-

324 2125 456 2187 vit?
513 2125 663 2195 Quis
693 2123 971 2186 dilectam
1001 2137 1066 2186 et
1098 2124 1337 2186 unicam
1362 2125 1604 2186 filiolam
1637 2125 1745 2186 tibi
1788 2125 2048 2207 eripuit?
2129 2127 2313 2187 Mur..
2354 2126 2462 2189 VI.
2506 2129 2625 2190 Im·-

324 2219 555 2299 probus
580 2217 699 2281 hic.
780 2219 903 2280 Sed
931 2217 1417 2300 quandoquidem
1461 2217 1631 2292 ades,
1677 2219 1916 2280 custodi
1958 2219 2176 2301 ipsum,
2229 2234 2300 2283 nt
2344 2221 2624 2284 adsumto

327 2313 548 2373 comite
594 2311 925 2389 Clisthene,
980 2313 1362 2393 Prytanibus,
1406 2331 1543 2394 qum
1605 2313 1742 2374 fecit
1801 2311 2092 2374 scelestus
2153 2312 2278 2388 ille,
2345 2313 2624 2378 indice--

330 2404 549 2465 Mum.
581 2405 711 2486 Age
732 2425 894 2477 vero,
921 2424 1196 2486 quaenam
1224 2404 1336 2465 erit
1360 2406 1511 2466 ratio
1538 2404 1928 2486 expediendae
1958 2405 2218 2468 salutis?
2267 2406 2401 2488 quis
2441 2427 2626 2472 cona-

326 2509 450 2571 tus,
480 2498 645 2579 quod
670 2498 1110 2560 commentum?
1165 2509 1375 2560 auctor
1396 2499 1556 2560 enim
1581 2497 1756 2579 hujus
1785 2500 2008 2580 negoti,
2033 2509 2098 2561 et
2133 2499 2236 2581 qui
2283 2520 2378 2562 me
2421 2501 2626 2584 conje-

323 2593 411 2654 cit
449 2596 511 2654 in
554 2603 757 2655 tantas
788 2593 1117 2666 molestias,
1146 2591 1411 2653 nondum
1451 2609 1706 2672 usquam
1747 2602 2010 2672 apparet.
2091 2593 2248 2674 Age,
2284 2613 2626 2674 quemnam,

326 2707 507 2766 quem
536 2687 811 2749 nuntium
862 2685 1091 2747 mittere
1132 2685 1355 2766 possim
1396 2684 1473 2744 ad
1524 2684 1702 2745 eum?
1781 2688 1864 2744 At
1887 2687 1968 2745 rei
2011 2685 2402 2768 expediendae
2443 2687 2627 2749 ratio·-

324 2799 463 2840 nem
476 2779 625 2852 novi
650 2799 725 2840 ex
753 2778 1094 2840 Palamede.
1168 2779 1250 2838 Ut
1278 2777 1398 2849 ille,
1427 2777 1610 2840 literis
1638 2777 1952 2858 inscriptas
1981 2778 2278 2858 palmulas
2297 2779 2622 2860 projiciam.

326 2871 449 2933 Sed
490 2892 611 2932 non
646 2885 785 2934 sunt
833 2871 893 2932 in
935 2883 1211 2954 promptu
1253 2868 1555 2952 palmuloe.
1643 2871 1956 2930 Undenam
2005 2871 2224 2935 misero
2267 2871 2392 2932 fieri
2432 2873 2626 2951 possit

326 2964 722 3046 palmularum
755 2965 975 3046 copia?
1022 2963 1225 3026 unde?
1274 2963 1435 3034 Quid
1477 2983 1618 3025 vero
1663 2964 1714 3023 si
1754 2982 1861 3044 pro
1907 2962 2184 3044 palmulis
2229 2964 2342 3026 has
2391 2974 2622 3027 statuas

324 3059 511 3120 literis
532 3061 853 3140 inscriptas
882 3058 1214 3140 disjecero?
1258 3057 1470 3121 melius
1496 3057 1684 3119 multo
1711 3057 1770 3118 id
1800 3057 1996 3118 fuerit.
2077 3057 2331 3137 Lignum
2363 3058 2524 3119 enim
2559 3071 2624 3120 et

324 3149 422 3211 hoe
450 3163 615 3225 sunt,
641 3163 705 3212 et
730 3151 848 3214 illae
877 3163 1047 3213 erant
1072 3153 1323 3234 lignum.
1407 3155 1460 3214 O
1488 3171 1702 3214 manus
1729 3171 1900 3224 meoe,
1929 3149 2177 3229 aggredi
2203 3159 2438 3230 oportet
2475 3169 2622 3226 rem,

326 3265 463 3326 quoe
493 3245 647 3306 viam
674 3245 847 3306 nobis
868 3244 948 3305 ad
976 3245 1225 3306 salutem
1252 3247 1461 3324 aperit.
1504 3245 1680 3326 Agite
1701 3243 1902 3326 igitur,
1927 3241 2277 3304 tabellarum
2304 3243 2622 3325 politarum

322 3338 615 3420 plagula,
666 3339 923 3421 recipite
980 3337 1197 3418 scalpri
1248 3336 1470 3412 sulcos,
1518 3339 1760 3400 nuntios
1811 3354 2076 3397 meorum
2129 3334 2442 3398 malorum.
2497 3337 2622 3415 (hei

326 3433 505 3492 mihi!
532 3432 753 3492 malum
775 3445 871 3493 est
892 3433 1048 3493 istuc
1069 3431 1248 3493 Rho:
1280 3451 1420 3492 nam
1446 3449 1622 3512 quem
1649 3451 1754 3511 per
1780 3431 2012 3492 sulcum
2035 3427 2270 3504 vadit‘s)
2311 3430 2422 3505 lte,
2448 3431 2620 3492 festi-
2719 3495 2724 3500 ,

326 3534 467 3586 nate
494 3545 603 3606 per
656 3545 863 3586 omnes
906 3525 1056 3599 vias,
1082 3523 1219 3596 hae,
1262 3523 1439 3586 illacz
1490 3523 1788 3584 celeritate
1833 3541 1984 3602 opus
2030 3531 2146 3584 est.
2230 3520 2443 3582 cnon..
2488 3524 2618 3585 Nos

324 3637 468 3678 vero
536 3616 617 3677 ad
672 3626 1041 3696 spectatores
1092 3635 1421 3690 eonversae,
1472 3615 1872 3695 nosmetipsas
1925 3614 2279 3684 laudantium
2345 3617 2618 3695 quamvis

326 3728 505 3769 nemo
532 3728 655 3769 non
682 3709 947 3769 muliebri
975 3709 1177 3789 generi
1204 3707 1392 3768 multa
1410 3707 1680 3768 convicia
1715 3706 1900 3779 dicat,
1939 3706 2114 3786 quasi
2165 3725 2392 3767 merum
2432 3708 2618 3772 simus

325 3801 549 3863 malum
578 3801 935 3872 hominibus,
964 3813 1025 3862 et
1062 3821 1100 3861 a
1145 3801 1319 3861 nobis
1374 3799 1636 3860 oriantur
1682 3799 1902 3872 omnia,
1955 3800 2112 3872 lites,
2163 3797 2328 3873 rixae,
2383 3801 2618 3876 sediti0,

324 3894 615 3956 molestus
644 3893 834 3967 dolor,
854 3893 1095 3955 bellum.
1154 3891 1277 3954 Sed
1304 3913 1511 3974 quoeso
1537 3913 1668 3967 vos,
1695 3892 1746 3953 si
1773 3892 1997 3952 malum
2023 3909 2246 3966 sumus,
2275 3912 2384 3954 cur
2399 3892 2618 3958 ducitis

324 4007 435 4049 nos
463 4005 705 4060 uxores,
732 3987 784 4046 si
808 4006 943 4048 vere
968 3985 1191 4046 malum
1218 3985 1469 4046 sumus?
1516 3997 1582 4046 et
1605 3984 1975 4058 interdicitis,
2004 4005 2081 4046 ne
2117 4005 2423 4062 exeamus,
2451 3999 2514 4050 et
2537 4009 2616 4052 ne

322 4103 461 4164 quae
516 4090 785 4142 nostrum
836 4073 909 4142 ex
962 4081 1221 4141 fenestra
1272 4079 1640 4160 prospiciens
1687 4077 2210 4159 deprehendatur?
2251 4081 2396 4162 quin
2445 4091 2618 4145 tanto

324 4175 527 4238 labore
576 4174 801 4236 malurn
850 4173 1100 4235 studetis
1148 4172 1489 4234 custodire?
1545 4173 1723 4243 Quod
1777 4172 1830 4232 si
1883 4191 2126 4252 egressa
2175 4171 2356 4234 fuerit
2411 4175 2620 4237 mulier

320 4270 551 4352 aliquo,
573 4288 765 4349 neque
794 4267 1107 4328 inveniatis
1135 4287 1263 4328 eam
1286 4266 1467 4341 domi,
1492 4266 1768 4327 insanum
1793 4265 1854 4326 in
1875 4265 2116 4327 modum
2137 4265 2436 4342 insanitis,
2461 4287 2616 4350 quos

326 4364 645 4442 oportebat
671 4361 785 4421 diis
813 4359 997 4422 libare
1025 4371 1086 4420 et
1125 4360 1335 4433 laetari,
1378 4360 1429 4420 si
1482 4377 1688 4420 revera
1733 4379 1809 4421 ex
1863 4359 2094 4420 oedibus
2143 4361 2398 4422 evaserit
2448 4362 2615 4424 vobis

320 4454 571 4530 malum,
627 4475 735 4516 nec
790 4453 943 4514 illud
998 4453 1325 4533 reperiretis
1378 4452 1558 4515 domi.
1642 4451 1719 4513 Et
1766 4453 1820 4513 si
1874 4455 2025 4514 forte
2081 4452 2218 4512 lusu
2267 4454 2616 4533 defatigata

314 4547 685 4630 dormiamus
705 4547 767 4608 in
816 4547 1024 4610 alienis
1068 4545 1316 4624 aedibus,
1371 4546 1782 4629 unusquisque
1838 4547 2058 4611 malum
2104 4547 2222 4608 hoc
2273 4548 2614 4628 investigat,
