3059 5059
373 417 452 476 30
783 475 791 482 ,
1124 410 1911 475 AnlsToPuAms
2318 409 2673 490 [sao-595

369 543 608 617 licebat,
634 545 1028 626 preterquam
1051 545 1168 606 ista
1209 545 1457 618 Cratini,
1487 541 1916 624 Dum-ficubus
1933 541 2117 622 pedes
2140 547 2377 614 ornata,
2404 549 2469 600 et
2494 537 2682 600 fabri

369 636 812 717 fug-eniam
837 639 1224 718 hymnorum,-
1250 636 1404 698 adeo
1432 636 1532 696 ille
1559 635 1827 696 florebat.
1872 633 1998 696 Sed
2027 653 2187 695 nunc
2213 652 2396 738 quum
2426 629 2682 692 videatis

366 726 536 788 illum
557 727 826 802 delirare,
869 731 992 790 no'n
1034 729 1412 801 miseremini,
1455 739 1773 810 postquam
1816 727 2025 789 labant
2062 727 2277 798 clavi,
2286 744 2397 786 nec
2440 727 2683 802 superat

365 819 611 893 chorda,
641 821 958 883 harmoniis
985 822 1440 882 fatiscentibus:
1477 833 1543 882 at
1570 839 1755 881 senex
1795 819 2143 883 obambulat
2170 815 2485 900 despectui
2508 814 2682 876 habi·

367 925 488 985 tus,
517 933 914 995 coronamque
943 914 1169 976 aridam
1213 933 1450 994 gerens,
1479 923 1551 974 ut
1590 914 1860 986 Getieas,
1889 912 1987 973 siti
2020 913 2197 992 perit,
2224 931 2401 991 quem
2428 908 2684 969 decebat

367 1007 448 1066 ob
473 1005 751 1066 victorias
772 1006 906 1068 illas
933 1007 1160 1089 priores
1205 1006 1402 1068 bibere
1431 1008 1491 1066 in
1519 1007 1843 1087 Prytaneo,
1872 1015 1935 1065 et
1962 1025 2081 1066 non
2112 1017 2399 1083 tanquam
2422 999 2681 1062 deliran-

367 1107 490 1160 tem
517 1101 838 1172 contemni,
870 1119 1070 1160 verum
1099 1109 1370 1179 spectare
1397 1100 1553 1159 bene
1574 1110 1843 1171 unctum,
1870 1097 1949 1158 ad
1970 1099 2163 1180 ipsum
2196 1095 2421 1158 Bacchi
2440 1095 2679 1174 signum

368 1189 695 1252 sedentem.
782 1193 994 1252 Crates
1025 1192 1163 1252 item
1193 1211 1346 1272 quas
1373 1212 1492 1252 non
1538 1191 1656 1252 iras
1687 1201 1913 1251 vestras
1941 1201 2003 1251 et
2028 1190 2374 1250 vexationes
2397 1183 2682 1268 pertulit?

367 1283 608 1362 quivos
629 1283 868 1344 'modico
899 1295 1096 1344 sumtu
1140 1296 1348 1364 pastos
1392 1284 1750 1357 dimittebat,
1798 1301 1899 1344 ore
1930 1282 2354 1344 delicatissimo
2394 1299 2677 1360 perquam

366 1378 628 1437 urbanas
657 1377 984 1438 sententias
1013 1377 1261 1457 pinsens
1286 1398 1302 1437 z
1347 1378 1459 1438 iste
1503 1389 1704 1437 tamen
1735 1375 1899 1436 solus
1940 1375 2197 1447 duravit,
2228 1371 2553 1454 aliquando
2580 1389 2687 1431 ca-

367 1473 545 1547 dens,
583 1473 910 1552 aliquando
951 1473 1094 1534 non.
1181 1474 1332 1534 Hoec
1371 1485 1643 1535 metuens
1684 1473 1855 1535 hicce
1896 1493 2131 1554 semper
2168 1471 2447 1542 cessavit,
2474 1467 2683 1529 ‚dicere

367 1566 548 1628 etiam
573 1565 807 1641 solitus,
837 1575 1106 1646 oportere
1131 1565 1953 1648 nmigemffl,'fflmrwm
1980 1566 2199 1645 aliquis
2220 1564 2446 1626 clavum
2466 1571 2683 1631 teneat,
2746 1604 2749 1606 ψ

369 1659 582 1726 dein&
604 1681 808 1742 prorae
835 1663 1131 1726 custodem
1143 1657 1212 1724 'et
1237 1665 1662 1744 speculatorem
1700 1671 2025 1735 ventorum,
2056 1672 2179 1723 tum
2206 1659 2433 1722 dmum
2463 1659 2685 1740 guber-

367 1777 514 1820 nare
539 1756 656 1823 sibu·
681 1777 900 1820 navem.
948 1759 1178 1820 Horum
1205 1760 1384 1840 igitur
1402 1760 1663 1820 omnium
1688 1760 1896 1840 gratia,
1922 1759 2060 1840 quia
2089 1756 2399 1818 modestus
2426 1747 2542 1826 est',
2568 1775 2681 1816 nec

367 1868 588 1917 temere
615 1857 920 1934 ingressus
949 1875 1141 1937 nugas
1163 1859 1308 1936 agit,
1327 1856 1642 1937 plausum
1627 1857 1741 1938 ipsi
1763 1857 2017 1917 excitate
2044 1855 2319 1928 multum,
2342 1865 2405 1914 et
2418 1873 2551 1914 eum
2572 1873 2683 1913 un·

361 1951 539 2014 denis
567 1953 741 2012 remis
769 1954 1193 2033 prosequimini
1235 1954 1434 2014 fausta
1477 1953 1905 2014 acclamatione
1940 1953 2181 2024 Lenaea,
2210 1962 2276 2011 ut
2300 1952 2481 2032 poeta
2509 1950 2684 2010 loetus

365 2031 565 2116 abeat,
607 2064 667 2105 re
709 2065 782 2104 ex
824 2042 1123 2106 sententia
1174 2059 1368 2127 gesta,
1409 2046 1581 2107 hilari
1624 2047 1816 2107 fronte
1858 2048 2078 2106 nitens.
2165 2048 2329 2105 Seu.
2373 2043 2683 2123 Equestris

361 2137 672 2217 Neptune,
699 2139 795 2198 cui
823 2121 1146 2218 ‘aeripedum
1177 2159 1461 2218 equorum
1487 2141 1770 2220 strepitus
1800 2149 1861 2200 et
1882 2139 2149 2201 hinnitus
2178 2138 2398 2219 placet,
2420 2154 2531 2198 nec
2560 2155 2681 2196 non

365 2230 626 2304 veloces,
647 2229 903 2292 eoerulea
925 2245 1116 2292 rostra
1133 2232 1446 2316 habentes»,
1465 2233 1845 2314 mercenariae
1869 2233 2152 2305 triremes,
2184 2230 2683 2312 gloriantinmque

365 2325 644 2384 'curruum
662 2323 986 2403 agitatione
1001 2317 1283 2404 juvenum
1309 2327 1654 2397 certamina,
1677 2345 1829 2405 quos
1850 2325 2046 2406 perdit
2062 2343 2348 2405 equorum
2369 2342 2540 2382 cura:
2564 2323 2684 2384 hnc

361 2417 512 2476 ades
541 2416 599 2475 i'n
626 2415 896 2490 chorum,
922 2435 959 2476 o
980 2416 1232 2478 tridente
1259 2437 1440 2479 aureo
1469 2419 1815 2498 conspicue,
1844 2438 1881 2478 o
1910 2419 2324 2500 delphinorum
2349 2435 2472 2489 rex,
2496 2417 2681 2496 quiin

363 2510 554 2568 Sunio
582 2508 844 2570 adoraris
887 2521 948 2569 et
974 2512 1033 2569 in
1065 2509 1362 2583 Gaeresto,
1392 2522 1530 2572 nate
1576 2512 1856 2586 Saturno,
1886 2512 2227 2572 Phormioni
2258 2511 2466 2584 amice,
2498 2509 2689 2576 Athe-,

363 2601 791 2688 niensibusque
819 2621 942 2682 pree
971 2604 1181 2663 ceteris
1211 2603 1370 2663 diis
1353 2624 1413 2662 in
1455 2604 1761 2684 proesenti.
1850 2605 2069 2665 Cnon.
2114 2603 2381 2664 Laudare
2408 2603 2683 2663 volumus

363 2693 621 2773 majores
649 2705 910 2766 nostros,
938 2696 1039 2774 qui
1069 2696 1224 2754 viros
1256 2715 1320 2756 se
1347 2697 1719 2802 proestabant
1741 2696 1961 2776 dignos
1978 2699 2095 2758 hoc
2124 2696 2275 2771 solo,
2298 2705 2361 2756 et
2390 2705 2452 2755 ut
2481 2713 2683 2756 eorum

361 2785 568 2846 facta
552 2806 610 2844 ιιι
643 2787 819 2869 peplo
846 2777 1251 2866 pingerentur,
1273 2790 1374 2868 qui
1405 2789 1777 2849 terrestribus
1808 2801 1868 2850 et
1886 2788 2198 2850 navalibus
2218 2772 2438 2894 praeliis
2468 2789 2685 2867 ubique

368 2897 602 2966 semper
627 2879 902 2950 victores,
928 2880 1067 2940 huic
1092 2880 1217 2941 urbi
1247 2879 1431 2942 decus
1461 2881 1891 2942 conciliarunt:
1914 2901 2108 2961 neque
2136 2883 2453 2962 quisquam
2483 2899 2685 2940 eorum

361 2991 653 3051 unquam,
694 2973 968 3032 hostibus
1013 2974 1380 3054 conspectis,
1419 2993 1623 3034 eorum
1668 2994 1977 3035 numerum
2022 2973 2291 3040 curavit:
2336 2975 2444 3034 sed
2486 2973 2684 3032 animo

367 3074 540 3125 erant
580 3065 656 3124 ed
697 3065 1085 3144 pugnandum
1128 3075 1359 3145 parato.
1445 3065 1626 3134 Quod
1670 3067 1721 3126 si
1768 3068 1917 3127 forte
1957 3065 2240 3127 caderent
2278 3067 2335 3126 in
2368 3066 2683 3125 humerum

367 3158 429 3216 in
457 3156 665 3237 praelio
695 3157 919 3236 aliquo,
963 3158 1266 3236 pulverem
1300 3160 1746 3236 abstergebant,
1776 3170 1837 3219 et
1864 3158 2083 3220 deinde
2130 3161 2437 3238 neg-abant
2462 3179 2527 3218 se
2554 3158 2685 3238 lap-

367 3269 469 3311 sos
517 3267 698 3316 essez
756 3251 899 3330 quin
957 3248 1156 3310 denuo
1212 3250 1617 3312 luctabantur.
1704 3253 1832 3312 Nec
1874 3271 2101 3322 eorum,
2132 3253 2233 3330 qui
2278 3261 2455 3311 antea
2500 3250 2683 3310 duce-

366 3346 515 3405 bant
554 3342 870 3416 exercitus,
915 3340 1072 3403 ullus
1117 3344 1336 3403 victum
1395 3345 1505 3403 sibi
1564 3346 1801 3423 publice
1848 3345 2098 3425 praeberi
2141 3346 2380 3423 petebat
2422 3344 2683 3423 compel-

367 3435 502 3496 lans
541 3435 934 3496 Cleoenetum.
1023 3437 1103 3496 At
1151 3456 1312 3496 nunc
1368 3437 1480 3496 nisi
1536 3439 1993 3518 praerogativam
2050 3436 2210 3496 sedis
2266 3435 2581 3496 obtineant
2620 3448 2682 3496 et

365 3529 562 3590 cibum
606 3527 932 3606 publicum,
981 3540 1206 3610 negant
1265 3548 1331 3589 se
1391 3542 1788 3610 pugnaturos.
1878 3531 2008 3589 Nos
2062 3547 2205 3590 vero
2248 3529 2521 3588 volumus
2576 3545 2685 3606 pro

369 3620 486 3681 aris
528 3629 590 3679 et
631 3619 777 3679 focis
821 3621 1025 3698 gratiis
1069 3635 1130 3681 et
1181 3621 1407 3683 fortiter
1446 3642 1759 3702 pugnare.
1804 3624 2171 3701 insuperque
2212 3620 2359 3679 nihil
2402 3620 2685 3698 petimus,

369 3713 482 3771 nisi
511 3712 624 3772 hoc
654 3712 919 3786 unicum,
949 3724 1037 3785 ut,
1067 3715 1115 3773 si
1145 3715 1388 3796 quando
1415 3734 1535 3794 pax
1559 3716 1668 3776 fiat
1704 3727 1764 3775 et
1793 3734 1829 3774 a
1872 3715 2033 3775 bello
2064 3715 2143 3773 sit
2170 3714 2376 3784 otium,
2406 3731 2483 3771 ne
2512 3712 2683 3770 nobis

365 3804 682 3865 invideatis
712 3824 943 3865 comam
975 3805 1273 3867 alentibus
1300 3818 1363 3868 et
1377 3817 1578 3870 cutem
1607 3807 1791 3870 nitide
1819 3807 2188 3869 curantibus.
2248 3806 2413 3864 Sex.
2448 3804 2503 3862 Ο
2528 3823 2682 3909 pree·

369 3917 466 3959 ses
497 3899 661 3958 urbis
681 3897 911 3972 Pallas,
942 3918 979 3958 o
1000 3920 1136 3980 quse
1159 3901 1595 3964 sanctissimam
1616 3903 1897 3975 omnium,
1907 3901 2205 3978 belloque
2224 3909 2287 3958 et
2312 3895 2528 3976 poetis,
2550 3896 2684 3975 opi·

367 3992 602 4070 busque
631 3991 1020 4052 excellentem
1063 3993 1223 4074 regis
1255 4001 1490 4066 terram,
1519 3995 1639 4054 huc
1690 3996 1835 4055 ades
1882 4004 1945 4056 et
1973 3991 2173 4054 adduc
2202 4001 2398 4050 tecum
2428 3987 2591 4048 illam
2622 3987 2681 4047 in

363 4084 723 4143 exercitibus
763 4093 825 4144 et
866 4085 1082 4163 praeliis
1125 4097 1392 4146 nostram
1449 4086 1802 4168 adjutricem
1860 4087 2208 4161 Victoriam,
2253 4083 2439 4144 choro
2480 4091 2687 4144 nostro

366 4177 642 4247 amicum,
671 4195 808 4255 quoe
837 4177 1152 4238 nobiscum
1182 4178 1458 4250 hostibus
1501 4179 1872 4240 adversatur.
1959 4181 2074 4240 Hic
2104 4178 2285 4258 igitur
2312 4193 2472 4236 nunc
2501 4193 2685 4254 appa-

359 4287 542 4330 ·reas:
585 4275 832 4350 oportet
850 4269 1006 4330 enim
1037 4271 1176 4331 viris
1207 4271 1340 4332 istis
1365 4271 1575 4352 quovis
1608 4283 1783 4351 pacto
1810 4273 2067 4333 tribuere
2094 4281 2155 4332 te
2183 4270 2491 4331 victoriam
2522 4285 2688 4327 nunc

365 4362 568 4433 etiarn,
599 4363 650 4422 si
677 4383 938 4443 unquam
967 4363 1136 4428 alias.
1223 4365 1442 4427 Οιιοιι.
1488 4365 1753 4434 Quorum
1784 4365 2010 4425 conscii
2041 4383 2247 4426 sumus
2278 4363 2355 4424 de
2384 4361 2582 4442 equis,
2612 4377 2688 4420 ea

369 4455 643 4514 volumus
686 4455 1050 4535 praedicare:
1080 4457 1244 4538 digni
1285 4471 1484 4519 autem
1517 4471 1678 4534 sunt,
1720 4458 1936 4538 quibus
1964 4459 2115 4518 bene
2146 4457 2403 4518 dicatur.
2488 4453 2687 4516 Multa
