3059 5059
323 294 680 376 vie-⁷75]
1059 295 1901 374 AcflARNENsES.
2554 252 2660 372 1³,

323 425 686 498 causidicus,
705 424 1036 505 junioribus
1067 410 1265 488 autem
1309 429 1645 510 obponatur
1666 429 1934 491 cinaedus
1958 439 2017 491 et
2045 429 2288 510 loquax,
2317 439 2378 490 et
2418 427 2631 493 cliniae

321 515 500 578 filius.
583 517 664 578 Et
678 517 912 598 judicio
938 520 1180 599 quidem
1205 521 1392 582 malos
1417 523 1695 601 persequi
1718 534 1950 602 oportet
1972 522 2283 604 deinceps:
2320 533 2391 584 at
2416 523 2467 584 si
2495 523 2631 602 quis

315 619 538 689 agatur
563 629 726 684 mus,
751 611 997 672 multam
1021 615 1243 692 irroget
1269 633 1452 675 senex
1481 614 1632 685 seni,
1652 615 1891 694 juvenis
1916 630 2109 675 autem
2124 616 2347 693 juveni.

406 701 561 764 Dxc.
607 703 714 762 Isti
741 715 886 764 sunt
904 704 1122 765 limites
1143 706 1253 766 fori
1281 705 1418 766 mei.
1505 707 1623 766 Hic
1650 694 1892 767 mercari
1924 707 2377 786 Peloponnesiis
2404 709 2545 769 licet
2570 717 2635 768 et

323 794 808 873 Megarensibus,
844 808 906 856 et
951 798 1217 871 Boeotiis,
1244 819 1316 858 ea
1346 799 1480 878 lege
1510 808 1580 858 ut
1607 799 1750 858 mihi
1772 799 2057 872 vendant,
2098 799 2394 860 Lamacho
2432 810 2631 862 autem

321 905 472 947 non.
556 887 974 967 Agoranomos
1002 902 1221 964 autem,
1257 891 1358 971 qui
1385 893 1514 952 soro
1540 892 1809 971 praesint,
1838 892 2138 952 constituo
2176 903 2295 952 tres
2324 903 2483 952 sorte
2508 890 2633 950 lec-

321 993 447 1053 tos,
485 981 706 1060 quibus
727 982 860 1042 lora
881 995 1060 1044 sunto
1091 984 1453 1064 Lepreatica.
1525 984 1663 1043 Huc
1681 1002 1873 1062 neque
1897 985 2267 1064 sycophanta
2286 983 2633 1063 ingreditor,

321 1093 442 1134 nec
485 1073 644 1134 alius
687 1074 1028 1156 quicunque
1075 1077 1410 1136 Phasianus
1456 1087 1553 1136 est
1595 1077 1794 1138 bomo.
1874 1077 2007 1156 Ego
2052 1087 2249 1136 autem
2290 1076 2633 1146 columnam

321 1165 672 1246 inscriptam
721 1167 994 1241 formula,
1032 1170 1210 1249 juxta
1251 1187 1430 1248 quam
1467 1167 1743 1231 inducias
1787 1169 2009 1249 pepigi,
2051 1188 2373 1241 arcessam,
2394 1179 2477 1228 ·ut
2500 1186 2634 1230 eam

323 1261 620 1321 collocem
647 1249 1029 1340 conspicuam
1076 1263 1134 1320 in
1189 1263 1344 1324 soro.
1423 1262 1604 1322 Mne.
1647 1261 1823 1323 Salve
1850 1262 2039 1322 forum
2084 1261 2370 1331 Atticum,
2400 1270 2635 1339 gratum

327 1352 822 1432 Megarensibus!
883 1353 1298 1415 desiderabam
1353 1366 1434 1428 te,
1478 1366 1549 1414 nt
1594 1365 1864 1428 matrem,
1913 1353 1997 1413 ita
2044 1373 2139 1414 me
2192 1354 2425 1433 Jupiter
2478 1363 2637 1414 amet

324 1463 554 1526 praeses
597 1445 893 1507 amicitiae.
975 1447 1097 1506 Sed
1129 1467 1165 1508 o
1195 1467 1548 1508 aerumnosse
1590 1446 1805 1526 puellae
1843 1446 2039 1507 miseri
2068 1447 2271 1527 patris,
2326 1445 2635 1508 ascendite

327 1537 410 1598 ad
435 1531 775 1610 mazam,''si
808 1538 988 1598 modo
1009 1559 1142 1599 eam
1169 1539 1386 1600 alicubi
1417 1538 1755 1600 inveniatis.
1842 1539 2084 1612 Audite,
2112 1558 2341 1618 quoeso,
2382 1547 2445 1599 et
2479 1537 2636 1604 mihi

327 1630 622 1690 advertite
647 1641 956 1696 ventrem:
999 1641 1284 1694 utrumne·
1299 1631 1480 1692 vendi
1507 1631 1709 1704 vultis,
1736 1650 1815 1691 an
1842 1631 2063 1691 esurire
2084 1629 2380 1712 pessime?
2423 1630 2633 1693 PunI..

327 1723 552 1796 Vendi,
579 1723 780 1784 vendi.
865 1724 1046 1786 Meo.
1093 1726 1230 1805 Ipse
1273 1724 1547 1805 equidem
1599 1723 1885 1804 optimum
1929 1724 2043 1785 hoc
2092 1743 2333 1800 censeo.
2415 1723 2636 1784 Verum

325 1815 468 1895 quis
497 1815 650 1875 adeo
689 1815 929 1896 ineptus
975 1818 1074 1890 sit,
1119 1819 1224 1898 qui
1272 1836 1379 1877 vos
1427 1827 1606 1890 emat,
1650 1817 1933 1876 damnum
1976 1815 2487 1876 manifestarium?
2527 1814 2637 1875 sed

327 1920 426 1968 est
473 1908 618 1968 mihi
668 1909 976 1989 Megarica
1023 1910 1300 1989 quaedam
1341 1910 1589 1970 fabrica.
1657 1908 2061 1970 Porcellorum
2104 1909 2183 1969 ad
2230 1911 2487 1989 speciem
2527 1927 2651 1970 vos·

327 2001 665 2074 adornabo,
698 2010 760 2060 et
799 2003 1095 2080 porcellos
1141 2024 1240 2063 me
1277 2004 1432 2064 ferre
1467 2003 1687 2062 dicam.
1768 2001 2005 2062 Induite
2046 2003 2197 2086 istas
2240 2001 2639 2081 porcellorum

325 2093 615 2174 ungulas,
641 2104 702 2158 et
727 2094 866 2154 date
901 2115 1164 2175 operam,
1191 2107 1260 2156 ut
1287 2095 1606 2157 videamini
1634 2115 1708 2154 ex
1740 2097 1897 2156 bona
1945 2095 2143 2155 scrofa
2176 2094 2375 2154 editoe.
2460 2094 2637 2166 Nam,

323 2188 416 2248 ita
435 2207 533 2247 me
560 2187 892 2247 Mercurius
911 2197 1093 2262 amet,
1109 2189 1160 2248 si
1188 2187 1773 2261 domum'redieritis,
1800 2197 2064 2249 extrema
2088 2187 2261 2248 famis
2290 2195 2353 2247 et
2377 2186 2640 2266 pessima

323 2281 491 2342 mala
517 2279 914 2360 experiemini.
999 2281 1132 2360 Age
1161 2281 1386 2343 induite
1418 2291 1481 2342 et
1505 2281 1639 2342 hoec
1668 2290 1897 2348 rostra3
1940 2278 2159 2340 deinde
2186 2280 2246 2338 in
2276 2297 2519 2340 saccum
2551 2278 2639 2340 sic

325 2373 572 2452 irrepite
591 2391 610 2432 τ
631 2371 848 2432 ‚videte
868 2383 1088 2448 autem,
1117 2385 1186 2436 ut
1215 2374 1570 2455 grunniatiS,
1594 2385 1655 2435 et
1688 2381 1779 2435 co'i
1806 2372 2043 2446 dicatis,
2068 2383 2129 2432 et
2153 2372 2401 2434 mittatis
2428 2389 2637 2432 vocem

325 2465 730 2545 porcellet-um
773 2467 1180 2545 mysticorum.
1285 2467 1444 2548 Ego.
1465 2486 1602 2528 vero
1634 2467 1862 2527 vocabo
1906 2464 2299 2545 Dicaeopolin.
2384 2464 2501 2524 Ubi
2545 2472 2643 2524 est

331 2558 749 2637 Dicaeopolis‘l
829 2558 967 2618 Vin’
985 2559 1280 2638 porcellos
1303 2579 1496 2621 emere
1521 2560 1547 2618 ’ἐ
1630 2559 1777 2620 Dxc.
1807 2557 2013 2628 Quid?
2052 2558 2231 2618 homo
2254 2554 2640 2636 Megaricus?

331 2651 518 2714 Mne.
565 2649 1014 2713 Ad'mercatum
1041 2654 1328 2714 venimus.
1416 2653 1569 2714 Drc.
1614 2651 1931 2722 Quomodo
1966 2671 2073 2712 vos
2102 2648 2379 2710 habetis?
2457 2649 2640 2710 Meo.

331 2746 645 2804 &crimus
688 2744 930 2814 assidue
971 2746 1254 2806 sedentes
1279 2745 1361 2806 ad
1405 2747 1627 2827 ignem.
1711 2745 1863 2806 Drc.
1906 2745 2089 2824 Atqui
2118 2742 2315 2804 hercle
2342 2761 2525 2802 suave
2546 2750 2645 2802 est

331 2837 413 2896 ad
459 2837 660 2917 ignem
711 2837 938 2911 sedere,
983 2839 1034 2897 si
1079 2838 1242 2898 adsit
1290 2840 1547 2900 tibicen:
1588 2859 1789 2900 verum
1832 2837 1979 2916 quid
2016 2835 2179 2897 aliud
2226 2835 2402 2914 agitis
2432 2832 2641 2894 nunc?

331 2929 516 2990 Meo.
559 2929 808 3009 Rogas?
849 2951 994 2991 sane
1021 2952 1205 3012 quum
1235 2932 1376 2993 inde
1413 2931 1493 2991 ad
1536 2941 1924 2992 mercaturam
1966 2927 2401 3008 proficiscebar,
2436 2925 2641 2987 Provis-

215 3065 224 3076 .
333 3041 502 3082 sores
551 3021 616 3081 id
665 3022 890 3083 dabant
945 3044 1208 3106 operam,
1253 3036 1322 3085 ut
1363 3043 1541 3105 quam
1586 3023 1869 3084 citissime
1911 3032 1973 3082 et
2012 3021 2267 3101 pessime
2296 3019 2642 3100 periremus.

338 3115 488 3176 Drc.
529 3115 681 3176 Mox
727 3135 870 3196 ergo
912 3117 1362 3178 liberabimini-a
1391 3117 1587 3178 malis.
1655 3115 1833 3176 Meo.
1877 3113 2200 3195 Quippini2
2284 3113 2435 3174 Drc.
2478 3113 2660 3183 Quid.-

333 3205 502 3268 aliud
541 3227 682 3268 vero
723 3208 990 3289 Megaris
1033 3210 1268 3291 agitur?
1307 3210 1518 3289 quanti
1563 3209 1723 3270 venit
1748 3207 2155 3288 frumentum?
2238 3208 2419 3268 Meo.
2460 3206 2643 3287 Apud

331 3317 446 3360 nos
465 3299 680 3360 eodem
707 3299 931 3362 honore
961 3313 1022 3363 et
1049 3303 1239 3383 pretio
1266 3315 1380 3376 est,
1410 3322 1527 3382 quo
1553 3302 1673 3363 Dii.
1730 3301 1879 3361 Drc.
1923 3302 2017 3361 An
2046 3320 2192 3380 ergo
2220 3301 2405 3361 salem
2424 3299 2643 3361 affers?

328 3393 520 3453 Mne.
561 3393 780 3454 Annon
829 3414 936 3455 vos
979 3395 1204 3456 salinas
1246 3394 1510 3457 tenetis?
1594 3394 1747 3456 Drc.
1792 3393 1886 3454 Ne
1914 3394 2156 3474 quidem
2189 3392 2373 3480 allia?
2457 3395 2640 3454 Meo.

333 3487 514 3559 Qum,
543 3487 788 3559 malum,
817 3487 976 3560 allia,
1007 3508 1257 3569 quorum
1299 3508 1408 3548 vos
1439 3507 1690 3569 semper,
1718 3507 1897 3568 quum
1927 3488 2309 3568 irruptionem
2334 3486 2399 3545 in
2432 3505 2642 3565 agrum

331 3591 606 3641 nostrum
657 3580 876 3654 facitis,
929 3591 1213 3662 tanquam
1269 3581 1482 3641 rustici
1536 3600 1757 3653 mures,
1811 3580 2011 3661 capita
2066 3579 2285 3659 paxillo
2338 3577 2641 3639 effoditis?

331 3671 494 3732 Drc.
523 3672 685 3741 Quid
707 3691 849 3752 ergo
869 3673 1038 3734 fers?
1120 3675 1298 3734 Mae.
1331 3673 1625 3753 Equidem
1650 3693 1863 3753 porcos
1893 3693 2120 3734 sacros.
2206 3671 2355 3732 Dxc.
2385 3670 2645 3732 Pulchre

331 3764 514 3826 dicis.
617 3765 912 3828 Ostende.
984 3767 1166 3828 Mne.
1207 3767 1428 3847 Utique
1467 3766 1699 3847 pulchri
1742 3779 1903 3828 sunt.
2014 3765 2297 3838 Sustolle,
2346 3765 2399 3824 si
2438 3765 2643 3826 lubet:
2754 3753 2772 3766 ³

319 3857 498 3929 hem,
521 3876 702 3937 quam
727 3859 971 3938 pinguis
991 3859 1107 3920 iste
1133 3870 1196 3920 et
1219 3861 1467 3940 pulcher
1491 3864 1506 3919 l
1589 3860 1739 3921 Drc.
1772 3859 1934 3928 Quid
1955 3859 2069 3920 hoc
2096 3860 2181 3919 rei
2208 3862 2378 3922 erat'l
2462 3860 2641 3920 Mne.

332 3951 570 4012 Porcus
609 3951 928 4012 mehercle.
1014 3952 1164 4012 Dm.
1206 3952 1369 4026 Quid
1397 3953 1484 4013 ais
1527 3951 1636 4012 tu?
1677 3952 1843 4032 cujas
1870 3961 1965 4013 est
1990 3951 2087 4012 hic
2115 3951 2379 4032 porcus!
2462 3952 2646 4016 Mna.

269 4051 278 4058 ’
331 4043 710 4122 Megaricum
787 4045 1008 4105 Annon
1051 4063 1267 4124 porcus
1311 4045 1444 4106 est?
1527 4046 1680 4106 Dxc.
1725 4045 1877 4106 Mihi
1931 4045 2171 4125 quidem
2226 4064 2349 4105 non
2388 4044 2645 4105 uidetur.

335 4135 526 4196 Mne.
563 4135 790 4196 Nonne
837 4135 956 4197 hoc
1002 4137 1327 4198 absurdum
1353 4137 1494 4199 est?
1536 4148 1805 4218 spectate
1848 4138 2102 4200 bominis
2131 4137 2641 4199 incredulitatem!

330 4239 520 4308 negat
546 4229 710 4296 hunc
735 4249 872 4291 esse
899 4249 1166 4310 porcum.
1207 4231 1411 4311 Atqui,
1437 4230 1494 4290 si
1515 4231 1747 4312 placet,
1765 4227 1995 4294 mecum
2024 4232 2104 4292 da
2128 4232 2348 4313 pignus
2374 4233 2434 4290 in
2457 4231 2645 4291 salem

331 4339 472 4381 cum
495 4321 703 4402 thymo
725 4323 952 4402 tritum,
981 4323 1094 4383 nisi
1119 4325 1196 4384 sit
1217 4323 1330 4384 iste
1355 4343 1569 4406 porcus
1599 4324 1945 4386 Graecorum
1968 4344 2153 4386 more.
2236 4325 2387 4386 Drc.
2416 4324 2643 4384 Porcus
2743 4367 2755 4377 ,

328 4423 436 4474 est
460 4413 728 4494 quidem,
771 4415 885 4478 sed·
935 4415 1214 4479 hominis.
1301 4417 1482 4480 Mne.
1525 4419 1639 4493 lta,
1681 4437 1785 4499 per
1826 4417 2095 4480 Dioclem
2128 4417 2376 4498 juro,·et
2402 4415 2643 4496 quidem
