3059 5059
301 363 733 442 μαι-1564]
1318 361 1371 422 Α
1388 359 1443 416 v
1462 359 1515 420 E
1537 360 1600 422 s,
2487 368 2603 428 143

298 510 633 571 vesperam,
662 512 739 552 sn
768 492 1103 572 pmcipitat
1127 492 1361 573 magis?
1444 491 1675 552 Prsru.
1704 490 1814 552 Vae
1845 491 1999 563 mihi,
2043 501 2106 551 ut
2151 501 2211 554 te
2263 495 2601 557 abominor!

297 585 526 646 Pnou-
548 585 713 656 Quid
740 585 895 664 enim
914 586 1058 646 facit
1075 585 1351 665 Jupiter?
1402 584 1756 664 detergitne,
1787 603 1862 644 an
1891 585 2140 646 obducit
2178 587 2330 646 coelo
2372 589 2604 651 nubes?

301 677 545 738 Prs'ru.
578 677 741 738 Male
772 698 1003 758 pereas.
1086 678 1302 738 Pnou.
1327 677 1429 737 Sic
1474 678 1714 758 quidem
1760 695 1853 738 me
1899 677 2196 756 detegam.
2281 679 2515 743 Prsrn.
2545 682 2600 742 Ο

300 789 445 832 care
502 768 896 832 Promethea!
1006 772 1221 831 Pseu.
1279 771 1526 842 Desine,
1583 769 1812 843 desine,
1861 789 1940 830 ne
1993 770 2285 832 clamites.
2365 773 2599 836 Prsrn.

306 863 469 932 Quid
500 864 655 924 enim
696 863 825 925 est?
907 864 1125 925 Ριιοιι.
1160 862 1321 924 Sile:
1364 881 1439 923 ne
1490 881 1686 924 meum
1729 881 2035 944 nuncupes
2084 883 2337 926 nomen:
2385 869 2603 949 quippe

300 955 657 1037 perdideris,
685 958 737 1018 si
758 977 853 1018 me
870 957 1109 1037 Jupiter
1126 956 1225 1019 hic
1244 956 1461 1018 videat.
1510 955 1632 1015 Sed
1657 966 1726 1014 ut
1751 955 1855 1016 tibi
1884 975 2146 1018 enarrem
2169 977 2262 1018 res
2293 978 2600 1041 supernas,

298 1049 603 1129 quomodo
632 1070 699 1110 se
724 1051 1009 1123 habeant,
1032 1050 1188 1111 hanc
1228 1049 1550 1110 umbellam
1571 1067 1782 1118 meme,
1835 1058 1898 1109 et
1947 1068 2126 1128 supra
2179 1063 2360 1130 caput
2404 1072 2602 1116 meum

300 1141 559 1213 sustine,
606 1162 683 1202 ne
736 1163 832 1218 me
886 1144 1259 1223 conspiciant
1312 1143 1415 1204 dii.
1502 1143 1737 1202 Pisru.
1765 1141 1884 1211 Ha.
1931 1140 2030 1213 ha,
2074 1142 2191 1210 hez
2247 1145 2398 1206 bene
2455 1147 2606 1208 illud

303 1234 685 1314 excogitasti,
712 1247 774 1296 et
800 1253 957 1297 more
984 1248 1089 1296 tuo
1136 1237 1401 1298 solerter.
1486 1235 1672 1296 Ocius
1714 1236 1916 1312 itaque
1957 1235 2233 1308 succede,
2273 1255 2344 1298 ac
2385 1238 2604 1302 deinde

302 1325 597 1388 audacter
622 1327 885 1408 loquere.
969 1329 1179 1390 Pnou.
1215 1331 1423 1409 Itaque
1442 1329 1564 1409 jam
1595 1346 1756 1389 nunc
1799 1327 2090 1388 ausculta.
2174 1329 2403 1394 Prsrn.
2445 1333 2606 1412 Ope-

302 1437 431 1482 ram
456 1421 567 1481 tibi
596 1420 678 1481 do
704 1421 1009 1483 sedulam:
1040 1422 1326 1484 fabulare.
1370 1421 1582 1483 Peon.
1605 1421 1852 1480 Prorsus
1872 1419 2048 1500 periit
2071 1421 2322 1501 Jupiter.
2368 1424 2599 1489 Prsrn.

302 1517 567 1586 Quando
593 1519 805 1598 periit?
890 1519 1106 1581 Paou.
1138 1521 1231 1580 Ex
1256 1538 1377 1600 quo
1404 1538 1511 1579 vos
1541 1519 1744 1578 urbem
1773 1517 1832 1577 iu
1863 1523 1998 1578 a‘ere
2025 1518 2397 1584 condidistis,
2475 1523 2604 1584 Ho-

298 1611 527 1669 minum
555 1613 710 1672 enim
740 1631 911 1672 nemo
934 1613 1253 1694 quicquam
1292 1612 1548 1692 amplius
1587 1611 1882 1672 sacrificat
1929 1608 2065 1683 diis,
2111 1629 2305 1690 neque
2353 1613 2526 1674 nidor
2565 1635 2604 1678 n

300 1703 681 1766 victimarum
707 1704 1023 1766 femoribus
1054 1704 1325 1766 ascendit
1352 1704 1431 1765 ad
1460 1723 1571 1763 nos
1618 1706 1694 1764 ab
1744 1723 1816 1764 eo
1861 1722 2055 1784 usque
2109 1714 2394 1786 tempore.
2479 1709 2601 1768 Sed

300 1796 459 1856 sient
488 1797 551 1856 in
572 1797 1053 1879 Thesmophoriis
1093 1798 1385 1879 jejunium
1428 1797 1684 1878 agimus,
1729 1817 2030 1858 sacrorum
2075 1797 2348 1877 primitiis
2393 1817 2601 1860 caren-

299 1897 415 1950 tes.
500 1889 747 1952 Barbari
768 1911 907 1951 vero
932 1891 1017 1951 dii
1038 1893 1388 1965 esurientes,
1434 1891 1890 1970 Illyriorumque
1935 1908 2093 1950 more
2141 1891 2428 1951 absonum
2469 1892 2605 1952 stri-

298 1981 539 2055 dentes,
556 1983 873 2044 clamitant
892 1983 1111 2046 bellum
1136 2005 1202 2045 se
1228 1983 1485 2063 desuper
1512 1984 1782 2044 illaturos
1801 1980 1961 2053 Jovi,
1983 1981 2042 2039 ni
2063 1985 2320 2062 emporis
2340 1985 2605 2062 praebeat

300 2073 489 2136 libera
518 2086 579 2136 et
608 2089 831 2156 aperta,
854 2088 921 2136 ut
948 2077 1337 2158 importentur
1364 2087 1503 2137 exta
1543 2076 1804 2137 concisa.
1889 2074 2122 2134 Ριετιι.
2149 2075 2376 2136 Suntne
2415 2079 2604 2138 enim-

300 2187 445 2228 vero
474 2169 575 2228 alii
604 2169 847 2250 quida-m
875 2171 1109 2232 barbari
1136 2171 1220 2230 dii
1248 2187 1429 2250 supra
1452 2167 1609 2230 vos?
1688 2167 1908 2229 Pnou.
1939 2166 2157 2228 Nonne
2177 2168 2330 2228 enim
2365 2170 2604 2231 barbari

300 2274 469 2332 sunt,
496 2281 533 2321 e
556 2262 777 2342 quibus
804 2262 1037 2323 Patrius
1074 2270 1171 2322 est
1214 2282 1357 2322 suus
1408 2259 1837 2322 Execestides?
1919 2260 2155 2322 Ριετιι.
2185 2261 2416 2322 Nomen
2462 2283 2602 2324 vero

296 2354 567 2418 barbaris
614 2356 747 2416 istis
802 2355 917 2416 diis
972 2354 1273 2436 quodnam
1326 2354 1462 2414 est?
1539 2354 1758 2414 Ριιοιι.
1801 2351 2120 2421 Quodnam
2165 2353 2286 2413 sit?
2337 2354 2604 2418 Triballi.

300 2447 877 2528 Pte-rmlntelligo:
926 2447 1067 2508 inde
1089 2447 1361 2508 nimirum
1388 2446 1540 2507 illud
1565 2448 1892 2527 Diopereae
1935 2456 2030 2506 est
2069 2456 2294 2507 natum.
2378 2447 2598 2509 Ριιοιι.

306 2540 651 2602 verissime.
734 2541 871 2602 Hoc
924 2551 1117 2602 autem
1169 2560 1353 2602 unum
1406 2541 1513 2601 tibi
1570 2542 1750 2622 plane
1794 2539 1951 2613 dico,
2007 2539 2238 2619 legatos
2295 2539 2412 2600 huc
2466 2559 2601 2602 esse

300 2644 609 2707 venturos,
638 2633 715 2695 de
742 2637 935 2716 pactis
964 2635 1068 2714 qui
1096 2644 1299 2715 agant,
1326 2653 1365 2693 a
1390 2635 1540 2694 Jove
1567 2633 1802 2712 illisque
1847 2633 2246 2712 superioribus
2287 2633 2598 2694 Triballis:

300 2746 411 2787 ros
430 2747 575 2788 vero
594 2747 671 2789 ne
700 2741 881 2808 pacta
900 2728 1137 2799 ineatis,
1160 2726 1221 2786 ni
1243 2725 1569 2787 reddiderit
1585 2725 1796 2785 avibus
1817 2735 2114 2804 sceptrum
2133 2723 2332 2786 denuo
2349 2724 2600 2805 Jupiter,

302 2821 699 2882 et‘Basileam
726 2841 965 2882 uxorem
996 2819 1103 2880 tibi
1128 2817 1501 2879 matrimonio
1524 2819 1761 2898 jungat.
1845 2815 2078 2878 Prsrn.
2098 2816 2253 2885 Quae
2299 2829 2394 2878 est
2429 2818 2600 2880 Busi-

297 2913 399 2974 lea
416 2913 445 2971 2
514 2915 735 2976 Pnou.
767 2913 1221 2976 Formosissima
1240 2910 1431 2992 virge,
1458 2930 1596 2990 quoe
1621 2910 1799 2990 fingit
1821 2908 2046 2970 fulmen
2068 2909 2258 2983 Jovis,
2285 2919 2600 2992 ceteraque

302 3007 528 3078 omnia,
548 3006 801 3068 consilia
824 3009 1011 3080 recta,
1028 3023 1239 3086 aequas
1268 3003 1457 3085 leges,
1498 3002 1872 3077 modestiam,
1921 3003 2173 3077 navalia,
2220 3004 2596 3082 calumniam,

302 3100 703 3173 Celsen-etism,
725 3098 1097 3160 triobolarem
1116 3097 1389 3179 judicum
1428 3093 1782 3158 mercede’m.
1863 3095 2098 3158 Prsrn.
2130 3097 2381 3160 Omnem
2421 3099 2600 3180 igitur

298 3211 527 3272 penum
554 3192 945 3254 administrat.
1030 3193 1248 3252 Ριιοιι.
1280 3193 1374 3252 Ita
1400 3202 1525 3252 est:
1576 3209 1756 3271 quam
1793 3190 1844 3250 si
1893 3201 1960 3250 tu
2005 3210 2042 3250 a
2087 3191 2239 3252 Jove
2277 3196 2596 3274 acceperis,

296 3273 525 3346 cuneta
564 3285 771 3347 habes.
857 3287 983 3348 Ista
1020 3297 1089 3346 ut
1122 3287 1231 3346 tibi
1276 3285 1638 3346 declararem
1677 3284 1797 3344 huc
1843 3285 1999 3344 veni.
2081 3283 2400 3365 Nunquam
2439 3289 2598 3350 enim

300 3395 427 3438 non
454 3377 639 3439 animi
664 3379 725 3439 in
752 3380 1022 3440 homines
1048 3380 1331 3461 propensi
1346 3397 1500 3438 sum.
1584 3376 1818 3436 sz‘rn.
1841 3377 1921 3437 Et
1942 3378 2028 3438 tui
2050 3397 2188 3438 vero
2215 3378 2400 3439 solius
2445 3382 2598 3442 inter

301 3470 451 3533 deos
478 3493 723 3534 munere
772 3472 941 3534 dicos
984 3493 1163 3554 super
1210 3491 1431 3551 prunas
1479 3483 1792 3531 terremus.
1873 3469 2092 3530 Ριιοιι.
2120 3470 2282 3532 Deos
2329 3491 2487 3546 vero,
2529 3486 2602 3535 ut

300 3566 487 3638 nosti,
510 3566 615 3626 odi
641 3585 847 3626 omues
874 3565 1047 3626 male.
1133 3564 1367 3626 Prs’ru.
1392 3565 1639 3644 Semper
1664 3561 1906 3643 quidem
1934 3563 2134 3624 hercle
2175 3563 2422 3626 deorum
2462 3586 2602 3628 osor

300 3657 491 3718 fuisti.
580 3659 796 3720 Pnou.
825 3660 1031 3720 Timon
1059 3677 1245 3739 purus
1264 3668 1467 3738 putus.
1555 3655 1678 3717 Sed
1705 3665 1776 3716 ut
1791 3655 1932 3718 hinc
1971 3657 2137 3718 ocius
2177 3660 2406 3734 abeam,
2449 3662 2600 3744 cedp

302 3749 449 3810 nihi
471 3751 815 3828 umbellam,
836 3762 905 3813 ut
924 3751 975 3812 si
1016 3771 1111 3812 me
1158 3752 1392 3833 Jupiter
1446 3771 1480 3810 e
1535 3749 1688 3811 coelo
1739 3752 2135 3831 conspexerit,
2181 3754 2349 3832 sequi
2402 3754 2602 3817 videar

302 3843 777 3924 mistrigeram.
888 3844 1119 3906 Prsrn.
1179 3845 1361 3904 Sume
1412 3842 1618 3904 itidem
1673 3843 1831 3903 hanc
1887 3842 2114 3918 sellam,
2163 3865 2412 3926 eamque
2465 3867 2604 3910 eum

306 3937 573 3998 umbella
612 3939 720 3999 fer.
804 3939 1020 4000 Cuon.
1062 3939 1135 3996 In
1178 3935 1540 4017 Sciapodum
1578 3955 1719 3997 vero
1759 3935 1977 3996 finibus
2017 3935 2185 3998 lacus
2227 3948 2323 3999 est
2359 3941 2603 4021 quidam

306 4030 653 4104 obscoenus,
694 4029 797 4090 ubi
850 4033 925 4092 ab
978 4030 1138 4094 Oreo
1193 4032 1421 4092 enims
1474 4041 1689 4092 evocat
1743 4030 2039 4092 Socrates.
2123 4029 2214 4092 Eo
2266 4041 2328 4092 et
2389 4033 2606 4095 Pisan-

306 4124 417 4184 ἀει·
440 4125 629 4198 venit,
656 4125 980 4186 obsecrans
1004 4135 1075 4185 ut
1094 4125 1351 4186 animam
1380 4123 1495 4184 sibi
1520 4125 1721 4185 videre
1741 4124 1961 4199 liceret,
2007 4141 2144 4203 quoe
2188 4123 2353 4185 illum
2398 4129 2605 4189 etiam-

306 4235 453 4278 num
482 4217 775 4279 viventem
830 4217 1219 4280 deseruerat:
1278 4219 1698 4298 victimamque
1739 4237 1942 4278 seeum
1989 4216 2250 4278 habebat
2295 4222 2606 4296 camelum,

307 4327 533 4388 agnum
562 4311 845 4390 aliquem,
873 4311 1045 4392 cujus
1074 4313 1321 4394 praeciso
1350 4322 1606 4392 gutture,
1627 4321 1803 4384 retro,
1832 4322 1902 4373 ut
1925 4310 2066 4371 olim
2110 4310 2381 4391 Ulysses,
2421 4313 2604 4374 abiit:

304 4400 533 4463 deinde
559 4403 833 4466 oscaidit
856 4405 971 4486 ipsi
998 4405 1075 4468 ab
1108 4405 1318 4467 Inferis
1340 4405 1419 4470 ad
1448 4404 1801 4485 sanguinem
1829 4405 2039 4466 cameli
2066 4403 2386 4467 bibendum
2429 4406 2606 4466 Choe-

304 4495 539 4575 rephon
560 4497 941 4579 vespertilio.
