3059 5059
335 407 772 488 1232-1300]
1263 407 1310 465 E
1331 408 1384 476 Q
1406 405 1458 463 u
1479 406 1727 468 1T1·:s‚
2571 407 2645 464 41

329 556 514 615 quam
557 537 894 618 perspicue.
982 538 1184 598 Cnno.
1225 536 1412 618 Atqui
1453 535 1591 596 volo
1638 535 1997 598 documento
2038 537 2345 618 explorare
2386 555 2463 597 an
2505 554 2651 596 con·

330 647 514 708 grues
537 649 676 690 cum
701 630 982 691 oraculo:
1027 639 1090 690 et
1115 647 1188 690 ex
1219 640 1280 692 te
1313 629 1569 708 primum
1598 627 1715 690 hoc
1746 638 1979 691 tentum
2004 630 2435 710 percontabor-3
2476 647 2655 708 quem

335 720 546 783 ludum
575 722 972 802 frequentasti
1001 720 1198 802 puer?
1238 721 1412 782 Is.1n
1441 720 1661 781 culinis
1682 722 2085 784 concinnabat
2124 721 2366 802 pugnis.
2450 723 2658 782 Gneo.

333 813 498 884 Quid
519 814 660 874 ais?
700 826 771 875 ut
797 815 1042 876 oraculo
1068 813 1410 895 percellitur
1437 814 1671 874 enimus
1700 834 1866 876 meus
1891 821 1906 874 l
1930 816 2078 876 Esto
2108 834 2127 876 z
2154 813 2297 894 quid
2328 830 2464 876 vero
2490 813 2653 894 apud

331 905 632 987 palestrae
655 907 1004 988 magistrum
1036 904 1341 968 didicisti?
1426 906 1509 965 Is.
1543 907 1751 968 Furari
1777 919 1837 968 et
1864 908 2083 970 furtum
2112 907 2399 987 abjurare,
2438 915 2656 966 testes-

325 1019 444 1078 que
473 999 534 1058 in
563 1000 772 1060 oculos
803 1000 1046 1062 intueri.
1130 999 1334 1059 Cum.
1369 1000 1424 1060 0
1450 998 1675 1060 Plooebe
1716 1000 1963 1079 Apollo·
1985 1001 2191 1078 Lycio,
2232 999 2381 1079 quid
2417 997 2655 1060 tndem

329 1091 679 1171 nefaria?
719 1093 1056 1161 Quamnam
1084 1111 1226 1152 vero
1253 1090 1792 1152 artem‘exercuisti
1808 1092 1937 1171 jam
1974 1089 2270 1154 adultior?
2299 1129 2307 1137 -
2352 1091 2433 1150 Is.
2478 1090 2655 1150 Isiciu

329 1181 684 1244 vendebam.
771 1185 980 1245 Cnno.
1019 1183 1182 1253 Quid
1208 1182 1551 1263 praterea?
1634 1183 1718 1244 Is.
1764 1183 2085 1244 Futuebar.
2173 1182 2373 1242 Crto.
2417 1181 2529 1242 Voe
2546 1183 2658 1242 mi-

333 1273 396 1334 hi
425 1275 834 1338 infortunato!
871 1278 1012 1338 Jam
1037 1275 1242 1338 nullus
1285 1294 1441 1337 sum.
1487 1276 1704 1337 Tenuis
1740 1276 2013 1356 quadam
2052 1283 2332 1355 carmes,
2374 1294 2507 1356 Μ
2546 1294 2657 1335 nos

326 1370 607 1430 sustinet.
681 1369 762 1430 Et
789 1369 932 1431 mihi
960 1368 1078 1431 hoc
1107 1379 1342 1430 tantum
1369 1368 1492 1440 dic,
1521 1377 1741 1430 utrum·
1762 1370 1822 1428 in
1851 1369 1985 1432 foro
2022 1369 2197 1430 isicia·
2220 1367 2545 1440 vendebas,
2576 1387 2654 1430 sn

332 1457 414 1520 ad
435 1472 692 1540 portam·
739 1463 821 1525 ls.
851 1462 1202 1543 Ad'portas,
1229 1463 1330 1522 ubi
1361 1461 1729 1523 salsamenta
1750 1477 1965 1522 venum
2006 1470 2403 1541 exponuntur.
2448 1461 2655 1524 Ctzo.

331 1553 450 1614 Hei
479 1553 620 1614 mihi
646 1559 662 1614 1
699 1554 1007 1616 oraculum
1029 1553 1420 1636 adimpletum
1441 1565 1559 1616 est.
1595 1554 1877 1616 Volutate
1896 1555 2051 1616 intro
2077 1554 2311 1616 huncce
2337 1553 2655 1618 infelicem.

331 1647 390 1706 Ο
419 1666 664 1720 corone,
693 1648 864 1710 vale:
905 1647 1126 1708 invitus
1151 1646 1430 1727 equidem
1455 1656 1518 1708 te
1544 1647 1787 1709 amitto:
1835 1646 2079 1708 habebit
2118 1657 2179 1708 te
2208 1645 2379 1720 alius,
2406 1647 2501 1707 fur
2528 1647 2658 1728 qui·

327 1739 468 1800 dem
496 1759 618 1799 non
645 1740 832 1819 pejor,
859 1740 1012 1800 forte
1039 1750 1240 1801 tamen
1263 1738 1637 1802 fortunatior.
1724 1741 1805 1802 ls.
1842 1740 2079 1822 Jupiter
2114 1739 2485 1814 Graecanice,
2522 1740 2657 1822 pal·

332 1851 434 1892 ma
457 1841 566 1892 tua
585 1845 703 1894 est.
787 1833 1004 1895 Onon.
1048 1834 1103 1894 0
1127 1831 1292 1893 salve
1323 1831 1540 1907 victor,
1568 1842 1631 1900 et
1656 1852 1879 1896 memor
1905 1843 2059 1906 esto,
2087 1843 2147 1894 te
2178 1833 2361 1894 virum
2390 1832 2657 1894 evasisse

333 1943 470 1984 mea
495 1943 698 2006 opera.
769 1924 1080 1987 Modicum
1105 1935 1303 1986 autem
1335 1924 1450 1986 hoc
1480 1943 1516 1984 a
1544 1933 1605 1986 te
1633 1935 1797 2006 peto,
1824 1935 1894 1987 ut
1920 1927 2057 1986 fiam
2092 1925 2199 1987 tibi
2242 1926 2437 1986 scribe
2464 1926 2525 1986 in
2556 1925 2658 2006 ju-

329 2015 527 2091 diciis,
555 2018 642 2078 uti
673 2037 833 2079 nunc
865 2018 1112 2080 Phanus
1141 2028 1257 2079 est.
1340 2018 1520 2078 Dur.
1566 2016 1717 2078 Mihi
1762 2029 1982 2094 eutem,
2020 2017 2325 2100 quodnam
2372 2019 2453 2081 sit
2488 2031 2657 2082 tuum

333 2129 578 2183 nomen,
639 2109 937 2191 eloquere.
1023 2111 1110 2172 ls.
1153 2111 1584 2191 Agoracritus:
1634 2129 1771 2173 num
1814 2111 1875 2172 in
1922 2111 2054 2173 soro
2100 2111 2396 2192 litigando
2443 2122 2657 2192 pastus

339 2221 501 2263 snm.
586 2203 767 2265 Dnu.
805 2203 1159 2283 Agoracrito
1186 2203 1362 2284 igitur
1387 2213 1609 2264 memet
1645 2204 1975 2279 committo,
2001 2205 2179 2284 eique
2207 2203 2659 2286 Paphlngonem

335 2295 500 2356 hunc
525 2293 719 2356 trado.
803 2295 928 2356 Ao.
969 2294 1264 2374 Equidem
1291 2305 1375 2369 te,
1403 2313 1442 2356 o
1471 2295 1936 2370 Deme‘curabo
1962 2298 2198 2371 sedulo,
2228 2309 2299 2358 ut
2323 2298 2560 2360 fatearis
2597 2309 2659 2362 te

339 2385 646 2447 hominem
693 2385 924 2448 nullum
981 2386 1208 2450 vidisse
1263 2388 1564 2451 meliorem
1614 2409 1711 2451 me
1768 2409 1912 2470 erga
1968 2391 2372 2452 oscitantium
2428 2392 2653 2452 urbem.

337 2479 505 2540 Seu.
549 2476 711 2550 Quid
754 2478 1060 2560 pulchrius
1101 2479 1408 2562 incipienti
1433 2499 1440 2504 ·
1463 2501 1617 2564 opus
1673 2491 1780 2544 aut
1832 2482 2083 2558 finienti,
2130 2501 2309 2564 qnam
2365 2481 2655 2544 velocium

331 2590 627 2652 equorum
656 2570 980 2652 agitatores
1007 2583 1274 2647 cantare,
1303 2572 1587 2655 nulloque
1614 2576 1887 2638 convicio
1915 2575 2307 2657 Lysistratnm
2347 2584 2452 2636 nut
2491 2574 2655 2636 Thu-

333 2664 568 2726 mnntin
597 2663 777 2724 domo
805 2673 1106 2726 carentem
1135 2675 1350 2748 sponte
1377 2665 1722 2728 lacessere?
1765 2667 1999 2730 Etenim
2028 2668 2164 2741 iste,
2195 2687 2233 2728 o
2273 2669 2429 2730 bone
2468 2665 2657 2748 Apol·

331 2755 420 2830 lo,
439 2757 650 2830 esurit,
677 2766 742 2818 et
765 2757 1093 2819 uberrimas
1117 2757 1392 2820 lacrimas
1419 2757 1683 2822 fundens
1712 2760 1968 2841 supplex
1992 2771 2158 2822 tuam
2189 2759 2442 2840 Delphis
2463 2760 2661 2840 tangit

333 2847 700 2929 pharetram,
729 2850 872 2930 quia
895 2868 1129 2911 summu
1161 2850 1394 2914 laborat
1413 2851 1639 2933 inopia.
1722 2852 1943 2914 Onon.
1984 2851 2349 2913 Maledicere
2370 2851 2657 2932 improbi·

335 2941 690 3021 neutiquam
719 2951 816 3004 est
840 2942 1240 3005 invidiosum:
1281 2944 1428 3023 quin
1458 2944 1521 3003 id
1550 2941 1716 3005 laudi
1744 2945 1917 3005 bonis
1946 2944 2135 3018 dabit,
2168 2946 2271 3024 qui
2308 2954 2469 3005 recte
2499 2942 2663 3023 judi·

332 3045 454 3096 cat.
499 3034 683 3106 Quod
715 3035 766 3096 si
793 3045 992 3097 autem
1021 3037 1202 3098 homo
1229 3035 1352 3110 ille,
1379 3054 1559 3116 quem
1588 3055 1697 3116 par
1730 3047 1825 3100 est
1861 3056 1933 3098 ex
1973 3058 2067 3099 me
2108 3037 2299 3098 multa
2336 3035 2661 3098 maledictu

335 3127 568 3200 nudire,
597 3137 763 3188 esset
780 3126 964 3208 vulgo
1004 3141 1208 3202 notus,
1251 3148 1369 3188 non
1415 3129 1675 3190 facerem
1714 3129 2073 3192 mentionem
2116 3129 2268 3190 nlius
2312 3130 2486 3192 amici
2526 3129 2661 3190 viri.

337 3219 518 3281 Nunc
547 3219 748 3302 itaque
775 3221 1138 3302 Arignotum
1163 3222 1344 3282 homo
1371 3222 1474 3300 qui
1501 3223 1759 3301 ignoret,
1776 3241 1949 3284 nemo
1976 3231 2090 3294 est,
2120 3222 2236 3282 nisi
2270 3223 2371 3302 qui
2406 3221 2657 3295 nesciat,

337 3313 481 3392 quid
511 3313 592 3374 sit
616 3311 842 3388 album,
871 3325 976 3375 aut
1001 3314 1104 3394 qui
1133 3315 1210 3375 sit
1236 3313 1464 3375 orthius
1492 3314 1729 3376 modus.
1775 3313 1931 3376 Huic
1960 3333 2099 3375 vero
2126 3313 2308 3375 frater
2332 3323 2451 3387 est,
2476 3313 2657 3384 mori·

335 3407 450 3466 bus
479 3405 536 3465 ei
565 3403 728 3466 haud
757 3425 1100 3488 germanus,
1135 3404 1497 3487 Ariphrades
1538 3407 1879 3488 improbus:
1922 3406 2033 3468 sed
2074 3407 2234 3467 euim
2272 3405 2469 3478 sciens
2510 3425 2655 3487 pru-

335 3496 610 3577 densque
631 3495 772 3560 telis
799 3508 911 3560 est.
957 3499 1071 3560 Est
1095 3509 1296 3560 autem
1319 3518 1444 3560 non
1471 3509 1705 3561 tantum
1744 3499 1963 3572 malus,
2002 3519 2117 3560 nec
2158 3499 2317 3559 enim
2356 3499 2473 3560 hoc
2514 3517 2654 3558 sen-

335 3591 576 3664 sissem,
619 3609 811 3671 neque
851 3592 1148 3671 pessimus
1190 3600 1464 3654 tentum:
1506 3611 1708 3653 verum
1766 3591 1947 3654 etiam
1998 3593 2241 3673 insuper
2294 3590 2661 3671 excogitavit

333 3680 644 3762 quiddam.
689 3683 982 3764 Linguam
1004 3685 1164 3746 enim
1189 3704 1360 3746 suum
1395 3684 1613 3764 polluit
1653 3685 1925 3766 turpibus
1966 3685 2399 3767 voluptatibus,
2439 3683 2499 3744 in
2543 3703 2653 3764 ga·-

335 3776 466 3836 neis
496 3775 766 3838 lambens
792 3775 1206 3859 despuendum
1234 3776 1402 3838 illum
1431 3797 1645 3850 rorem,
1672 3787 1737 3838 et
1778 3777 2097 3859 inquinans
2125 3778 2393 3848 barbam,
2420 3789 2483 3837 et
2507 3795 2655 3837 con·

339 3869 588 3929 turbans
642 3869 811 3930 labra
863 3868 1299 3949 pudendorum,
1345 3869 1770 3952 Polymnestea
1808 3871 2073 3937 carmina
2113 3869 2360 3942 faciens,
2402 3880 2467 3930 et
2506 3887 2653 3928 con·

342 3979 634 4022 suescens
675 3981 813 4023 cum
844 3962 1162 4025 OEonicho.
1207 3962 1563 4044 Quicunque
1590 3963 1771 4044 igitur
1796 3964 2095 4026 hominem
2122 3964 2304 4024 istum
2330 3981 2455 4023 non
2473 3960 2653 4022 valde

333 4065 700 4127 exsecratur,
727 4073 1034 4134 nunquam
1064 4075 1139 4116 ex
1161 4055 1377 4118 eodem
1403 4055 1623 4136 poculo
1648 4057 1960 4118 nobiscum
2002 4056 2183 4142 bibet.
2268 4056 2432 4116 Suu.
2474 4055 2651 4134 Saepe

338 4147 648 4208 nocturnis
673 4148 1133 4227 cogitationibus
1161 4160 1490 4230 occupatus
1519 4149 1629 4222 fui,
1654 4159 1716 4212 et
1742 4149 2013 4230 quesivi,
2040 4168 2161 4229 que
2186 4147 2265 4210 de
2302 4165 2487 4210 causa
2525 4157 2651 4208 tam

339 4238 604 4319 improbe
630 4239 911 4302 comedat
951 4241 1338 4323 Cleonymus.
1403 4243 1592 4304 Aiunt
1630 4243 1787 4306 enim
1829 4242 1997 4304 illum
2031 4262 2191 4304 more
2216 4241 2516 4324 pecudum
2543 4257 2651 4300 vo·

340 4341 570 4392 tantem
609 4331 773 4394 bona
817 4333 1066 4396 divitum
1115 4335 1415 4398 hominum
1456 4335 1557 4397 vix
1612 4337 1775 4398 abire
1828 4355 1867 4398 a
1906 4336 2189 4416 panario:
2232 4345 2299 4396 at
2331 4335 2467 4396 illos
2512 4351 2647 4395 eum

335 4442 524 4500 orare,
565 4435 636 4485 nt
667 4424 784 4486 sibi
823 4447 998 4510 aeque
1024 4427 1244 4492 edendi
1273 4430 1504 4492 veniam
1530 4430 1637 4493 det
1658 4449 1679 4492 ι
1718 4429 1881 4512 Age,
1908 4449 1945 4490 ο
1960 4429 2281 4510 praetore,
2308 4447 2421 4508 per
2447 4445 2651 4508 genua

329 4522 384 4576 te
408 4517 796 4671 :wiltz-equata·
820 4525 880 4582 et
899 4540 1080 4603 parce
1106 4541 1341 4590 mem.
1425 4523 1639 4588 Onon.
1670 4523 1858 4588 Aiunt
1883 4523 2236 4586 convenisse
2264 4523 2531 4673 triremles
2568 4517 2672 4586 ad.

529 4629 560 4671 ο
594 4655 610 4672 .
763 4655 778 4672 .
