3059 5059
516 326 626 384 iss
1229 320 2042 383 ARISTOPHAMS
2377 324 2786 403 ·[s⁵2-ooe

504 454 723 527 hercle,
754 472 943 534 neque
984 454 1330 534 experietur.
1416 452 1678 513 Mendici
1721 453 1874 513 enim
1918 454 2062 525 vita,
2102 470 2280 533 qnam
2333 460 2400 512 tn
2449 452 2623 526 dicis,
2673 464 2790 525 est,

502 547 693 609 vivere
724 544 868 607 nihil
895 545 1209 607 habentem
1236 567 1251 608 :
1308 547 1582 627 pauperis
1613 556 1831 618 autem,
1874 545 2070 607 vivere
2099 564 2294 626 parce,
2348 545 2652 608 laboribus
2681 546 2792 607 sd-

504 639 721 701 dictum
742 659 759 708 3
792 638 937 697 nibil
958 636 1195 719 quidem
1214 639 1270 700 ei
1292 656 1625 717 superesse,
1641 658 1844 699 verum
1865 640 2042 699 etiam
2063 639 2204 699 nihil
2234 638 2466 700 deesse.
2509 640 2784 701 Cannu.

504 731 623 792 Pro
648 734 865 793 Ceres!
921 750 1097 811 quam
1129 733 1319 791 beatae
1360 730 1654 791 memoriae
1699 730 1879 790 vitam
1917 732 2042 811 ejus
2085 739 2326 793 narras!
2385 734 2434 792 si
2481 734 2784 814 parcendo

499 835 563 885 nt
614 823 939 885 laborando
988 834 1213 885 tantum
1258 840 1379 883 non
1430 823 1745 903 relinquat,
1793 823 1950 885 unde
1993 825 2222 905 sepeliri
2277 826 2485 907 possit.
2569 824 2783 888 Panr.

500 916 786 977 Deridere
806 917 1015 998 incipis
1040 930 1104 977 et
1122 915 1403 986 cavillari.
1432 916 1784 996 posthabitis
1813 916 2012 985 seriis;
2059 918 2338 996 ignorans
2379 936 2472 979 me
2514 916 2784 981 homines

496 1010 767 1071 meliores
794 1010 1060 1082 reddere,
1102 1026 1281 1089 quam
1324 1009 1558 1081 Plutus,
1605 1020 1664 1069 et
1699 1009 1938 1088 ingenio
1985 1019 2048 1069 et
2091 1011 2308 1089 specie.
2392 1012 2570 1071 Nunc
2625 1012 2786 1093 apud

493 1099 654 1162 hunc
694 1102 1037 1183 podagrosi,
1080 1103 1379 1174 ventriosi,
1429 1113 1491 1161 et
1527 1102 1713 1161 crassi
1757 1120 1948 1175 suras,
1997 1102 2364 1183 pinguesque
2413 1115 2556 1163 sunt
2605 1123 2788 1184 snpra

492 1195 770 1255 modum:
816 1196 975 1276 apud
1020 1214 1113 1255 me
1142 1208 1337 1255 autem
1367 1204 1576 1256 tenues
1604 1205 1666 1255 et
1693 1195 1965 1274 graciles,
2013 1194 2402 1275 hostibusque
2442 1196 2784 1257 formidabi-

491 1288 602 1350 les.
660 1290 933 1350 Cannu.
998 1288 1225 1349 Forsan
1257 1287 1411 1348 enim
1458 1308 1495 1348 a
1525 1288 1678 1349 fame
1724 1286 1880 1347 hanc
1923 1287 2064 1368 ipsis
2093 1288 2478 1367 gracilitatem
2505 1304 2782 1368 prestas.

490 1379 699 1442 Pane.
742 1383 835 1441 De
864 1381 1247 1462 temperantia
1264 1380 1387 1460 jam
1418 1380 1704 1440 disseram
1741 1381 1930 1451 vobis,
1975 1390 2037 1441 et
2085 1378 2502 1442 demonstrabo
2547 1400 2780 1441 mecum

486 1492 623 1535 esse
652 1474 1024 1545 modestiam,
1064 1472 1229 1532 Pluti
1266 1483 1460 1533 autem
1511 1492 1667 1545 esse,
1709 1473 1953 1553 injurias
1993 1472 2225 1534 inferre.
2305 1474 2580 1535 Cannu.
2621 1475 2781 1535 Sue

484 1567 683 1645 itaque
706 1566 883 1627 furari
914 1566 1243 1626 modestum
1276 1576 1388 1636 est,
1416 1578 1477 1625 et
1502 1566 1758 1645 parietes
1786 1564 2116 1645 perfodere.
2199 1566 2399 1628 Bur.
2425 1568 2518 1627 Ita
2545 1566 2780 1627 hercles

484 1659 536 1719 si
556 1659 795 1738 quidem
824 1660 1009 1719 latere
1035 1660 1163 1718 haec
1187 1660 1498 1719 facientem
1516 1670 1768 1737 oportet,
1797 1658 2002 1739 quidni
2026 1658 2356 1719 modestum
2379 1658 2514 1719 est?
2565 1658 2775 1719 Pane.

484 1751 746 1832 Adspice
791 1751 967 1812 modo
1010 1762 1271 1812 oratores
1301 1752 1360 1809 in
1406 1751 1668 1824 urbibus,
1717 1762 1786 1811 ut
1825 1771 1910 1823 se,
1953 1751 2234 1832 quamdiu
2278 1761 2420 1811 sunt
2463 1770 2776 1833 pauperes,

482 1847 703 1926 populo
731 1856 793 1907 et
817 1846 1156 1925 reipublicae
1175 1846 1371 1925 justos
1419 1853 1728 1923 praestant,
1778 1854 1842 1904 at
1888 1863 1923 1903 e
1971 1845 2223 1925 publicis
2265 1843 2530 1924 pecuniis
2577 1844 2774 1914 ditati,

475 1958 614 2000 mox
668 1940 869 2019 injusti
922 1941 1089 2009 flunt,
1142 1949 1205 1998 et
1260 1937 1611 1997 insidiantur
1665 1938 1845 2019 plebi,
1899 1937 2320 2018 popularisque
2375 1948 2567 1996 status
2619 1937 2775 1997 fiunt

477 2031 703 2093 hostes.
786 2034 1057 2092 Caium.
1102 2032 1315 2091 Atnon
1354 2031 1620 2089 mentiris
1667 2030 1872 2091 horum
1915 2032 2253 2111 quicquam,
2295 2030 2437 2089 licet
2481 2028 2660 2089 valde
2687 2030 2772 2089 sis

472 2125 786 2185 maledica.
844 2126 1258 2185 Verumtamen
1286 2122 1670 2183 nihilominus
1691 2122 1974 2203 plorabis,
1997 2144 2072 2183 ne
2101 2133 2412 2205 propterea
2437 2122 2767 2202 superbias,

472 2218 752 2298 quoniam
782 2218 989 2278 studes
1022 2218 1189 2277 nobis
1218 2215 1570 2298 persuadere
1598 2218 1896 2277 meliorem
1927 2236 2062 2277 esse
2087 2225 2495 2298 paupertatem
2526 2213 2770 2275 divitiis.

475 2310 685 2371 Paur.
728 2311 818 2369 Tu
846 2329 983 2371 vero
1010 2311 1263 2371 refutare
1286 2328 1380 2369 me
1407 2309 1670 2370 nondum
1699 2320 1867 2389 potes
1893 2307 1952 2367 in
1981 2309 2098 2369 ista
2125 2328 2207 2380 re,
2256 2308 2363 2368 sed
2403 2305 2668 2387 nugaris,
2707 2318 2770 2367 et

469 2402 689 2465 frustra
717 2403 945 2483 strepis.
1032 2404 1301 2463 Cannu.
1333 2403 1449 2471 Qui
1489 2404 1557 2461 fit
1581 2420 1742 2481 ergo,
1769 2414 1839 2462 ut
1863 2414 1922 2463 te
1950 2421 2154 2462 omnes
2184 2400 2477 2479 fugitent?
2559 2400 2769 2461 Paur.

472 2494 629 2565 Quia
668 2495 937 2556 meliores
966 2514 1069 2557 eos
1098 2495 1305 2556 reddo,
1390 2494 1792 2575 contemplari
1819 2494 1956 2555 licet
1983 2495 2096 2554 hoc
2119 2495 2374 2555 maxime
2417 2492 2480 2553 in
2527 2494 2726 2572 pueris
2747 2512 2767 2552 ε

466 2590 681 2649 etenim
698 2589 783 2648 illi
814 2601 1011 2669 patres
1038 2588 1313 2667 fugitant,
1340 2588 1443 2666 qui
1484 2589 1634 2647 bene
1677 2586 1924 2667 cupiunt
1967 2588 2150 2665 ipsis:
2207 2586 2360 2646 adeo
2399 2584 2638 2647 difficile
2675 2594 2770 2647 est

467 2681 817 2760 dignoscere
848 2682 907 2740 id
936 2681 1096 2761 quod
1115 2680 1343 2759 justum
1392 2691 1505 2739 est.
1591 2679 1863 2739 Cannu.
1908 2679 2090 2739 Dices
2138 2680 2338 2758 itaque
2385 2678 2600 2738 Jovem
2645 2696 2766 2739 non

468 2774 616 2835 satis
646 2776 994 2855 dignoscere
1023 2774 1187 2853 quod
1208 2773 1286 2833 sit
1306 2774 1628 2851 optimum:
1665 2774 1802 2831 na'm
1831 2782 1892 2832 et
1917 2772 2016 2832 ille
2041 2771 2276 2831 divitias
2303 2770 2504 2832 habet.
2557 2770 2766 2831 Bur.

472 2868 643 2928 Hanc
672 2879 868 2927 autem
898 2867 973 2926 ad
1006 2886 1115 2926 nos
1156 2865 1415 2945 ablegat.
1499 2865 1710 2925 ΡΑυι».
1756 2867 1834 2924 At
1873 2885 1912 2925 o
1961 2866 2066 2945 qui
2110 2874 2368 2923 mentem
2418 2863 2762 2943 lippientem

468 2958 696 3021 habetis
726 2959 1011 3019 Saturniis
1042 2958 1300 3039 gremiis,
1322 2958 1554 3038 Jupiter
1581 2959 1754 3038 inops
1773 2968 1868 3019 est
1913 2958 2159 3037 utiquez
2211 2956 2389 3037 idque
2426 2956 2552 3035 jam
2601 2955 2764 3023 clare

468 3064 529 3111 te
548 3050 797 3111 docebo.
844 3052 905 3111 Si
936 3052 1090 3112 enim
1120 3050 1287 3111 dives
1318 3061 1500 3122 esset,
1526 3050 1824 3130 quomodo
1845 3052 2158 3110 instituens
2185 3049 2314 3127 ipse
2343 3047 2762 3129 Olympiacam

466 3154 785 3215 certamen,
834 3145 933 3203 ubi
984 3142 1231 3204 Graecos
1286 3144 1591 3203 universos
1635 3143 1846 3222 quinto
1900 3162 2138 3223 quoque
2195 3161 2357 3203 anno
2413 3154 2764 3221 congregat,

466 3235 856 3317 proclamaret
893 3237 1143 3297 victores
1189 3235 1465 3307 athletas,
1514 3246 1832 3295 coronatos
1875 3234 2116 3296 oleastri
2156 3234 2364 3295 ramo?
2404 3235 2566 3315 atqui
2613 3254 2764 3295 auro

466 3329 663 3408 potius
704 3330 1033 3407 oportebat,
1076 3329 1125 3388 si
1174 3338 1335 3388 esset
1378 3328 1566 3388 dives.
1653 3329 1929 3389 Curuus.
1971 3330 2102 3390 Hoc
2149 3331 2282 3408 ipso
2322 3348 2463 3408 ergo
2495 3326 2764 3389 ostendit

465 3420 587 3494 ille,
612 3438 675 3480 se
701 3421 1115 3501 magnifacere
1144 3419 1398 3481 divitias.
1486 3421 1644 3479 Dum
1673 3422 1828 3480 enim
1863 3423 2051 3501 parcit
2089 3432 2150 3483 et
2195 3421 2340 3481 nibil
2383 3440 2584 3481 earum
2634 3421 2766 3481 volt

464 3514 713 3593 erogari,
756 3513 1015 3593 dumque
1056 3514 1229 3573 rebus
1274 3512 1441 3573 nihili
1484 3513 1738 3573 victores
1781 3525 2046 3588 coronat,
2092 3515 2328 3575 divitias
2375 3514 2484 3576 sibi
2539 3524 2763 3575 servat.

466 3604 675 3667 Paur.
718 3607 869 3667 Rem
896 3607 951 3666 ei
981 3606 1165 3667 multo
1190 3607 1527 3687 turpiorem,
1565 3626 1742 3686 quam
1783 3618 1877 3667 est
1917 3607 2135 3688 inopia,
2176 3606 2383 3669 studes
2429 3606 2762 3685 adfingere,

464 3699 537 3772 si,
562 3698 727 3760 dives
756 3718 936 3779 quum
961 3699 1059 3771 sit,
1088 3699 1237 3759 adeo
1259 3709 1351 3760 est
1378 3699 1653 3759 sordidus
1685 3713 1746 3760 et
1771 3701 1918 3761 lucri
1957 3701 2230 3781 cupidus.
2313 3701 2592 3763 Cannu.
2633 3700 2760 3761 Sed

462 3801 522 3852 te
576 3790 807 3873 Jupiter
854 3791 1065 3874 perdat
1111 3793 1367 3853 oleastro
1420 3794 1584 3872 prius
1641 3792 1986 3853 redimitam.
2089 3792 2298 3855 Pane.
2355 3794 2561 3855 Vosne
2615 3793 2762 3855 mihi

459 3900 640 3946 ausos
686 3885 1110 3977 contradicere,
1151 3886 1323 3965 quasi
1366 3904 1482 3945 non
1528 3886 1730 3946 omnia
1777 3887 1944 3949 vobis
1994 3888 2154 3947 bona
2201 3886 2475 3948 eveniant
2515 3896 2758 3966 proptor

460 3983 901 4059 paupertatem!
986 3980 1257 4039 Cannu.
1298 3980 1401 4038 Ex·
1418 3978 1652 4039 Hecata
1677 3980 1792 4040 hoc
1813 3999 2076 4059 quoerere
2116 3979 2274 4051 licet,
2316 3998 2395 4039 an
2439 3978 2756 4053 ditescere,

460 4086 537 4131 an
564 4088 704 4131 vero
732 4072 949 4131 esurire
998 4073 1075 4131 sit
1120 4072 1349 4132 melius.
1434 4071 1598 4133 Dicit
1642 4072 1798 4133 enim
1843 4092 1969 4145 eos,
2018 4072 2120 4152 qui
2167 4071 2474 4133 abundant
2515 4071 2754 4152 opibus,

456 4180 689 4226 coenam
718 4163 827 4225 sibi
854 4163 1103 4243 singulis
1130 4166 1427 4225 mensibus
1464 4166 1804 4244 adpositum
1842 4166 2060 4237 venire,
2103 4184 2234 4226 eam
2274 4185 2414 4226 vero
2453 4184 2748 4247 pauperes

457 4257 727 4319 hominos
754 4276 979 4337 rapere,
1002 4258 1341 4338 priusquam
1368 4258 1644 4338 adposita
1683 4258 1780 4319 sit.
1863 4258 1986 4320 Sed
2023 4258 2286 4340 perieris,
2325 4268 2389 4319 et
2425 4278 2502 4320 ne
2531 4259 2750 4319 mutias

454 4354 773 4432 quicquam
825 4351 1100 4429 amplius.
1204 4352 1341 4411 Non
1390 4352 1548 4411 enim
1605 4352 2010 4432 persuadebis,
2061 4352 2300 4413 tametsi
2359 4350 2745 4433 persuadeas.

456 4444 665 4507 Pane.
692 4447 911 4508 ocim
932 4444 1174 4525 Argivi,
1200 4445 1404 4506 audite
1426 4446 1830 4526 qualialibet.
1875 4446 2148 4507 Cannu.
2175 4444 2514 4509 Pausonem
2533 4444 2746 4507 invoca
