3059 5059
308 368 749 455 iou—1143]
1292 366 1347 425 a
1364 368 1416 425 A
1435 365 1493 425 N
1513 366 1608 427 ιε.
2489 368 2606 427 227
2637 424 2645 431 .

294 498 552 561 Bacca.
598 500 694 561 lta
708 498 931 571 hercle,
959 507 1021 557 et
1046 496 1343 579 oppedere
1367 497 1548 559 etiam
1575 498 1636 556 in
1665 514 1735 555 os
1757 494 2013 559 inferiori
2040 496 2266 577 remigi,
2296 508 2358 558 et
2383 516 2602 559 conca-

288 610 427 655 care
472 591 961 664 commensalem,
1003 600 1065 651 et
1111 608 1263 650 nave
1304 590 1532 669 egressi
1584 598 1748 651 veste
1793 589 2049 670 aliquem
2103 589 2390 669 spoliare:
2437 610 2596 653 nunc

284 696 491 747 autem
520 686 944 766 obloquuntur,
972 694 1033 745 et
1054 702 1173 745 non
1203 684 1457 763 amplius
1485 692 1675 764 agunt
1719 702 1934 755 remos,
1981 694 2044 743 et
2086 681 2204 743 buc
2248 682 2390 744 illuc
2432 685 2597 745 nari-

293 789 465 859 gant.
551 782 771 841 AEscn.
810 778 1077 848 Quorum
1103 796 1245 837 vero
1272 777 1562 838 scelerum
1591 786 1840 837 nonest
1885 775 2138 837 auctor?
2187 776 2600 837 nonne-lenas

292 870 565 933 ostendit
608 872 745 944 iste,
788 882 850 933 et
896 871 1195 951 parientes
1240 872 1303 929 in
1350 870 1504 930 sanis
1547 870 1846 942 mulier-ee,
1895 880 1958 930 et
1995 869 2314 930 concubitu
2355 869 2600 929 fratrum

290 966 524 1037 mistas,
548 976 609 1025 et
648 986 785 1046 quse
834 964 1060 1036 dicant,
1104 964 1287 1025 vitum
1318 982 1443 1024 non
1490 982 1610 1023 esse
1655 962 1882 1023 vitam?
1963 962 2122 1022 Hinc
2169 961 2346 1023 etiam
2391 960 2602 1022 civitas

293 1067 501 1118 nostra
526 1057 735 1121 scribis
766 1057 1010 1141 impleta
1034 1067 1149 1129 est,
1178 1068 1239 1117 et
1282 1055 1521 1126 scurris,
1566 1055 1690 1137 qui,
1738 1054 2036 1116 simiarum
2081 1074 2266 1129 more,
2315 1053 2601 1135 populum

292 1150 604 1211 fraudibus
652 1150 957 1231 decipiunt
1004 1168 1272 1230 semper:
1317 1149 1656 1231 lampadem
1696 1168 1833 1209 vero
1881 1144 2228 1209 nemo’scit
2279 1149 2428 1209 ferre
2473 1146 2600 1226 jam

298 1245 555 1325 amplius
608 1244 1047 1307 exercitationis
1096 1242 1396 1322 neglectu.
1508 1242 1761 1303 Bacca.
1836 1242 2028 1303 Nemo
2083 1240 2321 1303 hercle:
2399 1240 2482 1301 ita
2535 1250 2604 1301 ut

296 1338 419 1399 risu
440 1356 597 1419 pene
625 1347 925 1397 emortuus
956 1338 1066 1397 sim
1096 1338 1155 1396 in
1184 1335 1628 1408 Panathenaeis,
1659 1356 1838 1415 quum
1883 1334 2091 1395 tardus
2135 1334 2376 1415 quidam
2423 1332 2600 1393 homo

298 1440 562 1491 curreret
589 1431 894 1501 incurvus,
920 1430 1117 1499 albus,
1143 1430 1385 1501 obesus,
1410 1427 1596 1509 longo
1640 1427 1946 1489 intervallo
1985 1427 2251 1501 relictus,
2287 1439 2351 1489 et
2393 1428 2602 1489 misere

298 1541 365 1585 se
382 1532 711 1603 torquens:
766 1521 985 1583 deinde
1028 1521 1479 1583 Ceramicenses
1508 1522 1570 1581 in
1599 1522 1784 1601 portis
1828 1532 2054 1581 stantes
2101 1519 2508 1601 percutiebant
2545 1522 2604 1580 ei

298 1625 586 1688 ventrem,
612 1617 843 1689 latera,
898 1613 1020 1687 ilia,
1074 1624 1281 1677 nates:
1368 1615 1467 1675 ille
1515 1633 1656 1675 vero
1709 1634 2028 1695 percussus
2067 1614 2302 1695 palmis,
2350 1613 2602 1675 subinde

298 1708 601 1788 pudendo,
632 1708 899 1769 extincta
946 1707 1243 1789 lampade,
1288 1709 1586 1769 currebat.
1672 1708 1893 1769 Onon.
1937 1708 2225 1788 Magnum
2280 1709 2606 1788 negotium,

300 1801 618 1864 vehemens
656 1801 1043 1873 concertatio,
1099 1820 1280 1881 grave
1326 1800 1548 1862 bellum
1595 1800 1797 1862 instat.
1883 1802 2092 1882 ltaque
2135 1820 2447 1883 operosum
2493 1802 2605 1863 erit

300 1894 661 1969 discernere,
682 1896 785 1957 ubi
812 1895 963 1956 alter
988 1892 1363 1956 contenderit
1386 1892 1605 1966 valide,
1633 1895 1784 1956 alter
1819 1914 1958 1955 vero
2003 1895 2262 1956 refutare
2312 1894 2504 1976 possit
2541 1906 2604 1954 et

299 1990 487 2049 obniti
514 1990 685 2052 scite.
771 1988 891 2050 Sed
916 1988 1099 2049 nolite
1127 1990 1187 2048 in
1216 1987 1425 2049 eodem
1446 1987 1811 2049 consistere:
1865 1997 2007 2048 sunt
2028 1988 2186 2049 enim
2207 1989 2318 2049 vim
2361 1998 2429 2049 et
2465 1987 2604 2049 alim

300 2082 505 2143 multoe
534 2084 920 2163 argutiarum.
1006 2081 1305 2162 Quicquid
1350 2081 1529 2161 igitur
1571 2080 1802 2141 habetis
1847 2081 1928 2141 ad
1957 2081 2433 2163 disceptandum,
2489 2082 2602 2145 hoe

298 2174 501 2247 dicite,
526 2175 868 2257 percurrite,
897 2187 960 2236 et
987 2175 1243 2237 revelate
1284 2186 1406 2235 tem
1456 2185 1660 2235 vetera
1706 2194 1884 2254 quam
1927 2174 2223 2244 recentiaz
2277 2183 2343 2236 et
2388 2173 2605 2236 audete

298 2269 527 2349 aliquid
554 2270 769 2329 subtile
797 2280 861 2330 et
882 2270 1095 2330 scitum
1124 2278 1303 2348 atque
1332 2278 1607 2347 argutum
1627 2267 1846 2347 eloqui.
1931 2268 1995 2327 Si
2021 2288 2162 2330 vero
2203 2267 2266 2328 id
2309 2268 2608 2341 veremini,

298 2382 377 2423 ne
403 2362 646 2424 inscitia
662 2361 925 2441 quadam
954 2360 1228 2423 laborent
1258 2372 1646 2441 spectatores,
1665 2361 1753 2421 ita
1775 2371 1862 2430 ut,
1891 2361 1941 2420 si
1981 2380 2116 2440 qum
2156 2361 2400 2422 subtilia
2443 2361 2608 2422 dica·

298 2458 397 2528 tis,
422 2456 757 2534 intelligere
784 2466 1105 2535 nequeant,
1133 2474 1209 2515 ne
1238 2455 1479 2514 timete.
1463 2473 1479 2489 ·
1526 2455 1814 2535 quoniam
1839 2452 1954 2515 boc
1979 2472 2100 2515 non
2123 2454 2378 2534 amplius
2404 2455 2490 2515 ita
2535 2474 2606 2516 se

297 2548 503 2611 babet.
590 2548 745 2608 Nam
770 2549 1075 2609 exercitati
1104 2558 1266 2619 sunt,
1288 2557 1357 2607 et
1381 2546 1596 2607 librum
1617 2548 1868 2627 quisque
1895 2547 2125 2609 liabens
2149 2547 2322 2609 discit
2367 2548 2605 2629 sapien-

296 2643 481 2703 tiam:
538 2652 827 2723 proterea
880 2641 1119 2721 ingenio
1176 2640 1433 2701 maxime
1478 2639 1728 2747 pollent,
1749 2640 1909 2720 quod
1963 2660 2122 2702 nunc
2171 2642 2316 2722 ipsis
2369 2641 2601 2703 acutius

298 2737 477 2797 etiam
498 2746 613 2797 eet.
696 2734 863 2795 Nihil
890 2735 1095 2815 itaque
1122 2735 1347 2807 timete,
1391 2733 1500 2794 sed
1543 2735 1748 2795 omnia
1793 2734 2131 2815 percurrite,
2179 2744 2602 2817 spectatorum.

298 2842 509 2913 utpote
539 2830 897 2910 sapientum,
940 2829 1153 2909 gratia.
1238 2827 1410 2888 Eun.
1454 2827 1642 2907 Igitur
1683 2825 1764 2887 ad
1819 2826 1982 2907 ipsos
2023 2826 2350 2908 prologos·-
2357 2844 2451 2889 me
2501 2828 2606 2891 tibi

297 2932 664 2996 convertam,
690 2934 779 2997 ut,
805 2921 969 3004 quod
991 2923 1243 3002 primum
1272 2930 1366 2981 est
1408 2920 1471 2979 in
1516 2920 1830 2999 tragoedia,
1869 2919 2058 3001 primo
2094 2922 2424 2983 examinem
2472 2920 2606 2981 sciti

296 3018 456 3079 illins
480 3018 721 3097 poetoe:
778 3026 907 3077 erat
934 3015 1093 3075 enim
1114 3015 1409 3075 obscurus
1431 3013 1491 3074 in
1535 3015 1712 3073 rebus
1748 3012 2154 3075 enuntiandis.
2237 3014 2483 3075 Bacca.
2529 3014 2607 3075 Et

294 3128 619 3191 quemnam
648 3108 805 3170 illins
858 3110 1175 3191 prologum
1232 3106 1644 3169 examinabis?
1743 3106 1912 3167 Eua.
1977 3106 2208 3168 Multos
2262 3106 2605 3172 admodum.

297 3204 563 3265 Primum
588 3203 775 3264 recita
820 3202 963 3261 mibi
1006 3201 1173 3261 illum
1216 3220 1294 3261 ex
1340 3198 1618 3261 Orestea.
1701 3200 1947 3261 Bacca.
1991 3200 2175 3261 Silete
2210 3201 2336 3281 jam
2373 3220 2603 3264 omnes.

296 3296 517 3359 Recita
534 3295 1459 3378 Mbyh.AEs03.st1er-curi
1490 3294 1833 3365 Terrestris,
1860 3294 1965 3377 qui
2003 3302 2262 3373 patena
2307 3298 2608 3376 inspectae

297 3392 572 3471 imper-ia,
600 3399 869 3451 mutor
890 3390 1043 3449 nihi
1064 3391 1147 3449 sie
1194 3397 1255 3449 et
1302 3388 1550 3469 adjutor
1593 3389 1886 3469 roganti.-
1935 3389 2100 3447 venio
2139 3391 2294 3449 enim
2337 3391 2406 3449 in
2450 3390 2606 3450 hane

300 3491 525 3544 unm
552 3492 613 3545 et
636 3491 982 3544 πηνίον-
1063 3481 1315 3542 Bacca.
1362 3481 1582 3543 Estne
1567 3501 1629 3541 in
1656 3482 1787 3542 istis
1811 3478 2114 3560 quidpiam
2162 3481 2323 3563 quod
2367 3500 2606 3562 carpere

296 3576 494 3637 velie?
580 3576 750 3637 Eua.
795 3574 944 3635 Plus
996 3593 1177 3655 quam
1226 3574 1564 3635 duodecim.
1649 3573 1898 3635 Bacca.
1941 3572 2024 3633 At
2069 3593 2208 3635 vero
2246 3575 2447 3636 omnia
2489 3577 2606 3635 ista

298 3688 422 3729 non
450 3679 599 3729 sunt
632 3668 829 3747 plura,
862 3686 1046 3748 quam
1090 3678 1212 3728 tres
1260 3686 1490 3730 versus.
1563 3667 1746 3729 Eua.
1789 3666 1914 3727 Sed
1953 3667 2362 3749 unusquisque
2401 3688 2606 3730 eornm

300 3762 493 3824 habet
514 3762 1027 3842 vigintiveccata.
1109 3760 1359 3823 Bacen-
1404 3760 1708 3841 AEschyle,
1733 3770 1940 3821 auctor
1967 3760 2072 3821 tibi
2091 3780 2222 3821 sum
2253 3774 2320 3822 ut
2359 3771 2606 3822 taceant

298 3857 399 3917 sin
464 3856 693 3926 onnus,
746 3864 965 3935 preter
1017 3854 1131 3915 hos
1186 3866 1307 3915 tres
1359 3855 1614 3928 iambos,
1665 3874 1801 3915 reus
1847 3854 1965 3915 eris
2019 3854 2289 3934 plurium.
2389 3856 2605 3917 AEscrr.

304 3950 519 4029 Egone
548 3957 619 4007 ut
635 3966 839 4009 coram
866 3948 983 4009 boc
1010 3947 1285 4009 taceam?
1368 3947 1618 4009 Bacca.
1661 3948 1726 4007 Si
1749 3967 1842 4008 me
1881 3947 2076 4009 audis.
2161 3948 2332 4011 Eun.
2377 3948 2612 4029 Quippe

302 4044 473 4103 initio
500 4042 703 4102 statim
730 4042 1000 4123 peccavit
1021 4042 1276 4102 immane
1297 4051 1608 4122 quantum.
1693 4040 1906 4102 Viden'
1925 4054 1994 4102 ut
2014 4040 2302 4123 nugaris?
2355 4040 2610 4103 Bacca.

306 4136 411 4195 Nil
468 4154 637 4197 curo.
720 4136 947 4197 AEscn.
1016 4133 1335 4204 Quomodo
1380 4134 1534 4195 dicis
1589 4154 1684 4195 me
1736 4134 2064 4215 peccasse?
2147 4135 2316 4195 Eun.
2381 4136 2612 4216 Repete

304 4227 527 4290 denno.
613 4230 835 4291 AEscn.
882 4230 1157 4291 Mercu-⁸⁰
1187 4228 1530 4302 Terrestris,
1555 4230 1662 4309 qm·
1677 4236 1936 4309 paterna
1959 4231 2256 4310 inspectae
2281 4232 2612 4310 imper-2⁸0-

302 4321 475 4384 Bun.
520 4324 739 4383 Annon
788 4322 1038 4387 Orestes
1074 4323 1191 4385 hoc
1244 4322 1393 4385 dicit
1436 4323 1497 4382 in
1545 4324 1775 4383 tumulo
1823 4323 2010 4404 patris
2053 4322 2310 4385 mortui?
2387 4326 2608 4385 AEscrr.

302 4414 487 4477 Haud
514 4415 694 4478 aliter
718 4416 877 4479 dico.
955 4418 1124 4478 Eua.
1168 4416 1343 4476 Anne
1372 4434 1517 4497 ergo
1545 4416 1904 4479 Mercurium
1942 4417 2310 4497 inspectasse
2339 4415 2502 4486 dicit,
2545 4424 2612 4474 ut

300 4520 473 4591 pater
526 4509 817 4573 interierit
878 4531 1021 4573 suus
1076 4530 1183 4595 per
1240 4510 1359 4572 vim
1410 4529 1592 4573 mauu
1645 4510 1934 4588 muliebri,
1973 4510 2360 4575 clandestinis
2409 4506 2614 4577 dolis?
