<?xml version="1.0" encoding="UTF-8"?>
<!DOCTYPE html PUBLIC "-//W3C//DTD XHTML 1.0 Transitional//EN"
    "http://www.w3.org/TR/xhtml1/DTD/xhtml1-transitional.dtd">
<html xmlns="http://www.w3.org/1999/xhtml" xml:lang="en" lang="en">
 <head>
  <title>
</title>
<meta http-equiv="Content-Type" content="text/html;charset=utf-8" />
  <meta name='ocr-system' content='tesseract 3.04.00' />
  <meta name='ocr-capabilities' content='ocr_page ocr_carea ocr_par ocr_line ocrx_word'/>
</head>
<body>
  <div class='ocr_page' id='page_1' title='image "./comdicumscholii00bekkgoog_0255.png"; bbox 0 0 3059 5059; ppageno 0'>
   <div class='ocr_carea' id='block_1_1' title="bbox 323 385 2622 465">
    <p class='ocr_par' dir='ltr' id='par_1_1' title="bbox 323 385 2622 465">
     <span class='ocr_line' id='line_1_1' title="bbox 323 385 2622 465; baseline 0.009 -23"><span class='ocrx_word' id='word_1_1' title='bbox 323 385 675 463; x_wconf 76' lang='lat'>274—336]</span> <span class='ocrx_word' id='word_1_2' title='bbox 962 444 968 455; x_wconf 91' lang='grc'><strong>,</strong></span> <span class='ocrx_word' id='word_1_3' title='bbox 1057 388 1895 465; x_wconf 74' lang='lat' dir='ltr'>ECCLESIAZUSAE.</span> <span class='ocrx_word' id='word_1_4' title='bbox 2500 402 2622 461; x_wconf 78' lang='lat'>239</span> 
     </span>
    </p>
   </div>
   <div class='ocr_carea' id='block_1_2' title="bbox 286 515 2630 3593">
    <p class='ocr_par' dir='ltr' id='par_1_2' title="bbox 294 515 2630 3033">
     <span class='ocr_line' id='line_1_2' title="bbox 322 515 2624 611; baseline 0.007 -36"><span class='ocrx_word' id='word_1_5' title='bbox 322 516 671 597; x_wconf 62' lang='lat' dir='ltr'>composita</span> <span class='ocrx_word' id='word_1_6' title='bbox 700 515 834 576; x_wconf 82' lang='lat' dir='ltr'>illas</span> <span class='ocrx_word' id='word_1_7' title='bbox 852 516 1001 577; x_wconf 79' lang='lat' dir='ltr'>scite</span> <span class='ocrx_word' id='word_1_8' title='bbox 1024 518 1361 597; x_wconf 80' lang='lat' dir='ltr'>aptaveritia</span> <span class='ocrx_word' id='word_1_9' title='bbox 1391 519 1578 592; x_wconf 76' lang='lat' dir='ltr'>vobin,</span> <span class='ocrx_word' id='word_1_10' title='bbox 1608 533 1750 581; x_wconf 89' lang='lat' dir='ltr'>tunc</span> <span class='ocrx_word' id='word_1_11' title='bbox 1775 523 1950 585; x_wconf 83' lang='lat' dir='ltr'>etiam</span> <span class='ocrx_word' id='word_1_12' title='bbox 1982 523 2235 585; x_wconf 83' lang='lat' dir='ltr'>virorum</span> <span class='ocrx_word' id='word_1_13' title='bbox 2253 526 2457 607; x_wconf 87' lang='lat' dir='ltr'>pallia,</span> <span class='ocrx_word' id='word_1_14' title='bbox 2484 548 2624 611; x_wconf 73' lang='lat' dir='ltr'>qum</span> 
     </span>
     <span class='ocr_line' id='line_1_3' title="bbox 320 608 2628 695; baseline 0.01 -28"><span class='ocrx_word' id='word_1_15' title='bbox 320 608 717 684; x_wconf 74' lang='lat' dir='ltr'>subduxistis,</span> <span class='ocrx_word' id='word_1_16' title='bbox 740 610 952 671; x_wconf 83' lang='lat' dir='ltr'>ceteris</span> <span class='ocrx_word' id='word_1_17' title='bbox 974 612 1393 691; x_wconf 81' lang='lat' dir='ltr'>superinjicite,</span> <span class='ocrx_word' id='word_1_18' title='bbox 1418 622 1483 673; x_wconf 89' lang='lat' dir='ltr'>et</span> <span class='ocrx_word' id='word_1_19' title='bbox 1506 614 1737 675; x_wconf 77' lang='lat' dir='ltr'>baculis</span> <span class='ocrx_word' id='word_1_20' title='bbox 1757 615 1998 692; x_wconf 81' lang='lat' dir='ltr'>innixoe,</span> <span class='ocrx_word' id='word_1_21' title='bbox 2026 619 2308 695; x_wconf 83' lang='lat' dir='ltr'>incedite,</span> <span class='ocrx_word' id='word_1_22' title='bbox 2327 624 2628 691; x_wconf 81' lang='lat' dir='ltr'>canticum</span> 
     </span>
     <span class='ocr_line' id='line_1_4' title="bbox 318 700 2626 781; baseline 0.008 -20"><span class='ocrx_word' id='word_1_23' title='bbox 318 700 544 781; x_wconf 87' lang='lat' dir='ltr'>aliquid</span> <span class='ocrx_word' id='word_1_24' title='bbox 570 704 759 770; x_wconf 76' lang='lat' dir='ltr'>senile</span> <span class='ocrx_word' id='word_1_25' title='bbox 799 716 1117 777; x_wconf 82' lang='lat' dir='ltr'>canentea,·</span> <span class='ocrx_word' id='word_1_26' title='bbox 1149 725 1307 767; x_wconf 86' lang='lat' dir='ltr'>more</span> <span class='ocrx_word' id='word_1_27' title='bbox 1350 709 1700 769; x_wconf 79' lang='lat' dir='ltr'>rusticorum</span> <span class='ocrx_word' id='word_1_28' title='bbox 1739 708 2021 771; x_wconf 81' lang='lat' dir='ltr'>incitatae.</span> <span class='ocrx_word' id='word_1_29' title='bbox 2107 712 2292 775; x_wconf 70' lang='grc' dir='ltr'><strong>Μαι..</strong></span> <span class='ocrx_word' id='word_1_30' title='bbox 2336 716 2418 777; x_wconf 92' lang='lat'>11.</span> <span class='ocrx_word' id='word_1_31' title='bbox 2461 717 2626 781; x_wconf 89' lang='lat' dir='ltr'>Bene</span> 
     </span>
     <span class='ocr_line' id='line_1_5' title="bbox 320 799 2622 889; baseline 0.007 -34"><span class='ocrx_word' id='word_1_32' title='bbox 320 806 632 857; x_wconf 75' lang='lat' dir='ltr'>autumas:</span> <span class='ocrx_word' id='word_1_33' title='bbox 687 816 799 857; x_wconf 80' lang='lat' dir='ltr'>noa</span> <span class='ocrx_word' id='word_1_34' title='bbox 822 808 1017 857; x_wconf 84' lang='lat' dir='ltr'>autem</span> <span class='ocrx_word' id='word_1_35' title='bbox 1041 819 1366 877; x_wconf 74' lang='lat' dir='ltr'>proeeamua</span> <span class='ocrx_word' id='word_1_36' title='bbox 1389 799 1526 861; x_wconf 83' lang='lat' dir='ltr'>inis.</span> <span class='ocrx_word' id='word_1_37' title='bbox 1615 801 1766 863; x_wconf 90' lang='lat' dir='ltr'>Nam</span> <span class='ocrx_word' id='word_1_38' title='bbox 1796 814 1857 863; x_wconf 91' lang='lat' dir='ltr'>et</span> <span class='ocrx_word' id='word_1_39' title='bbox 1879 804 2024 871; x_wconf 83' lang='lat' dir='ltr'>alias</span> <span class='ocrx_word' id='word_1_40' title='bbox 2053 817 2198 885; x_wconf 90' lang='lat' dir='ltr'>puto</span> <span class='ocrx_word' id='word_1_41' title='bbox 2239 826 2312 867; x_wconf 85' lang='lat' dir='ltr'>ex</span> <span class='ocrx_word' id='word_1_42' title='bbox 2361 808 2522 889; x_wconf 75' lang='lat' dir='ltr'>agris</span> <span class='ocrx_word' id='word_1_43' title='bbox 2559 812 2622 873; x_wconf 88' lang='lat' dir='ltr'>in</span> 
     </span>
     <span class='ocr_line' id='line_1_6' title="bbox 318 886 2625 968; baseline 0.008 -21"><span class='ocrx_word' id='word_1_44' title='bbox 318 886 585 968; x_wconf 82' lang='lat' dir='ltr'>Pnycem</span> <span class='ocrx_word' id='word_1_45' title='bbox 640 899 923 953; x_wconf 78' lang='lat' dir='ltr'>venturas</span> <span class='ocrx_word' id='word_1_46' title='bbox 976 890 1365 952; x_wconf 81' lang='lat' dir='ltr'>exadvorsum</span> <span class='ocrx_word' id='word_1_47' title='bbox 1415 894 1711 955; x_wconf 61' lang='lat' dir='ltr'>mulierem</span> <span class='ocrx_word' id='word_1_48' title='bbox 1796 895 2018 957; x_wconf 63' lang='lat' dir='ltr'>Pnax.</span> <span class='ocrx_word' id='word_1_49' title='bbox 2060 897 2282 959; x_wconf 89' lang='lat' dir='ltr'>Verum</span> <span class='ocrx_word' id='word_1_50' title='bbox 2326 899 2625 965; x_wconf 82' lang='lat' dir='ltr'>festinate.</span> 
     </span>
     <span class='ocr_line' id='line_1_7' title="bbox 315 980 2628 1068; baseline 0.008 -28"><span class='ocrx_word' id='word_1_51' title='bbox 315 980 557 1062; x_wconf 79' lang='lat' dir='ltr'><strong>Quippe</strong></span> <span class='ocrx_word' id='word_1_52' title='bbox 580 1002 711 1044; x_wconf 75' lang='lat' dir='ltr'>moa</span> <span class='ocrx_word' id='word_1_53' title='bbox 730 994 845 1056; x_wconf 75' lang='lat' dir='ltr'>est,</span> <span class='ocrx_word' id='word_1_54' title='bbox 868 996 937 1047; x_wconf 88' lang='lat' dir='ltr'>ut</span> <span class='ocrx_word' id='word_1_55' title='bbox 963 986 1063 1063; x_wconf 88' lang='lat' dir='ltr'>qui</span> <span class='ocrx_word' id='word_1_56' title='bbox 1092 1004 1283 1064; x_wconf 83' lang='lat' dir='ltr'>usque</span> <span class='ocrx_word' id='word_1_57' title='bbox 1311 1006 1348 1045; x_wconf 88' lang='lat' dir='ltr'>a</span> <span class='ocrx_word' id='word_1_58' title='bbox 1374 1005 1548 1047; x_wconf 86' lang='lat' dir='ltr'>mane</span> <span class='ocrx_word' id='word_1_59' title='bbox 1575 987 1636 1047; x_wconf 86' lang='lat' dir='ltr'>in</span> <span class='ocrx_word' id='word_1_60' title='bbox 1661 987 1862 1067; x_wconf 82' lang='lat' dir='ltr'>Pnyce</span> <span class='ocrx_word' id='word_1_61' title='bbox 1881 1010 1998 1049; x_wconf 92' lang='lat' dir='ltr'>non</span> <span class='ocrx_word' id='word_1_62' title='bbox 2030 990 2366 1068; x_wconf 87' lang='lat' dir='ltr'>adfuerunt,</span> <span class='ocrx_word' id='word_1_63' title='bbox 2407 996 2628 1059; x_wconf 85' lang='lat' dir='ltr'>abeant</span> 
     </span>
     <span class='ocr_line' id='line_1_8' title="bbox 316 1076 2626 1171; baseline 0.007 -37"><span class='ocrx_word' id='word_1_64' title='bbox 316 1094 391 1135; x_wconf 90' lang='lat' dir='ltr'>ne</span> <span class='ocrx_word' id='word_1_65' title='bbox 422 1076 729 1138; x_wconf 86' lang='lat' dir='ltr'>minimum</span> <span class='ocrx_word' id='word_1_66' title='bbox 760 1077 999 1157; x_wconf 87' lang='lat' dir='ltr'>quidem</span> <span class='ocrx_word' id='word_1_67' title='bbox 1048 1078 1195 1139; x_wconf 88' lang='lat' dir='ltr'>lucri</span> <span class='ocrx_word' id='word_1_68' title='bbox 1234 1079 1575 1140; x_wconf 77' lang='lat' dir='ltr'>referentes.</span> <span class='ocrx_word' id='word_1_69' title='bbox 1661 1082 1872 1145; x_wconf 75' lang='lat' dir='ltr'>Cnon·</span> <span class='ocrx_word' id='word_1_70' title='bbox 1915 1080 2342 1163; x_wconf 80' lang='lat' dir='ltr'>Progrediendi</span> <span class='ocrx_word' id='word_1_71' title='bbox 2389 1098 2626 1171; x_wconf 74' lang='lat' dir='ltr'>tempus</span> 
     </span>
     <span class='ocr_line' id='line_1_9' title="bbox 316 1170 2627 1258; baseline 0.009 -31"><span class='ocrx_word' id='word_1_72' title='bbox 316 1178 431 1241; x_wconf 78' lang='lat' dir='ltr'>est,</span> <span class='ocrx_word' id='word_1_73' title='bbox 460 1170 665 1239; x_wconf 71' lang='lat' dir='ltr'>uviri:</span> <span class='ocrx_word' id='word_1_74' title='bbox 722 1171 781 1233; x_wconf 91' lang='lat' dir='ltr'>id</span> <span class='ocrx_word' id='word_1_75' title='bbox 818 1172 975 1231; x_wconf 88' lang='lat' dir='ltr'>enim</span> <span class='ocrx_word' id='word_1_76' title='bbox 1018 1191 1128 1233; x_wconf 79' lang='lat' dir='ltr'>nos</span> <span class='ocrx_word' id='word_1_77' title='bbox 1176 1192 1467 1239; x_wconf 78' lang='lat' dir='ltr'>memores</span> <span class='ocrx_word' id='word_1_78' title='bbox 1505 1172 1704 1235; x_wconf 84' lang='lat' dir='ltr'>dicere</span> <span class='ocrx_word' id='word_1_79' title='bbox 1726 1186 2012 1255; x_wconf 90' lang='lat' dir='ltr'>perpetuo</span> <span class='ocrx_word' id='word_1_80' title='bbox 2056 1190 2309 1258; x_wconf 84' lang='lat' dir='ltr'>oportet,</span> <span class='ocrx_word' id='word_1_81' title='bbox 2351 1201 2428 1243; x_wconf 91' lang='lat' dir='ltr'>ne</span> <span class='ocrx_word' id='word_1_82' title='bbox 2476 1183 2627 1247; x_wconf 79' lang='lat' dir='ltr'>forte</span> 
     </span>
     <span class='ocr_line' id='line_1_10' title="bbox 312 1262 2630 1357; baseline 0.009 -38"><span class='ocrx_word' id='word_1_83' title='bbox 312 1262 489 1322; x_wconf 85' lang='lat' dir='ltr'>nobis</span> <span class='ocrx_word' id='word_1_84' title='bbox 520 1265 797 1327; x_wconf 83' lang='lat' dir='ltr'>excidat:</span> <span class='ocrx_word' id='word_1_85' title='bbox 848 1285 1042 1347; x_wconf 89' lang='lat' dir='ltr'>neque</span> <span class='ocrx_word' id='word_1_86' title='bbox 1071 1265 1225 1326; x_wconf 88' lang='lat' dir='ltr'>enim</span> <span class='ocrx_word' id='word_1_87' title='bbox 1240 1266 1540 1327; x_wconf 84' lang='lat' dir='ltr'>mediocre</span> <span class='ocrx_word' id='word_1_88' title='bbox 1565 1268 1888 1347; x_wconf 84' lang='lat' dir='ltr'>periculum</span> <span class='ocrx_word' id='word_1_89' title='bbox 1919 1271 2090 1333; x_wconf 76' lang='lat' dir='ltr'>nobis</span> <span class='ocrx_word' id='word_1_90' title='bbox 2119 1273 2300 1349; x_wconf 81' lang='lat' dir='ltr'>adsit,</span> <span class='ocrx_word' id='word_1_91' title='bbox 2327 1274 2378 1335; x_wconf 80' lang='lat' dir='ltr'>si</span> <span class='ocrx_word' id='word_1_92' title='bbox 2419 1276 2630 1357; x_wconf 83' lang='lat' dir='ltr'>depre-</span> 
     </span>
     <span class='ocr_line' id='line_1_11' title="bbox 312 1352 2628 1439; baseline 0.009 -28"><span class='ocrx_word' id='word_1_93' title='bbox 312 1352 649 1418; x_wconf 83' lang='lat' dir='ltr'>hendamur</span> <span class='ocrx_word' id='word_1_94' title='bbox 668 1378 971 1439; x_wconf 79' lang='lat' dir='ltr'>aggressoe</span> <span class='ocrx_word' id='word_1_95' title='bbox 998 1358 1119 1421; x_wconf 86' lang='lat' dir='ltr'>tale</span> <span class='ocrx_word' id='word_1_96' title='bbox 1146 1359 1377 1419; x_wconf 74' lang='lat' dir='ltr'>facinus</span> <span class='ocrx_word' id='word_1_97' title='bbox 1404 1361 1465 1419; x_wconf 89' lang='lat' dir='ltr'>in</span> <span class='ocrx_word' id='word_1_98' title='bbox 1490 1361 1767 1423; x_wconf 83' lang='lat' dir='ltr'>tenebris.</span> <span class='ocrx_word' id='word_1_99' title='bbox 1851 1364 2014 1425; x_wconf 73' lang='lat' dir='ltr'>Snu-</span> <span class='ocrx_word' id='word_1_100' title='bbox 2060 1366 2280 1430; x_wconf 79' lang='lat' dir='ltr'>Eamus</span> <span class='ocrx_word' id='word_1_101' title='bbox 2319 1369 2378 1428; x_wconf 90' lang='lat' dir='ltr'>in</span> <span class='ocrx_word' id='word_1_102' title='bbox 2425 1371 2628 1432; x_wconf 86' lang='lat' dir='ltr'>conci-</span> 
     </span>
     <span class='ocr_line' id='line_1_12' title="bbox 312 1451 2624 1545; baseline 0.01 -40"><span class='ocrx_word' id='word_1_103' title='bbox 312 1467 515 1523; x_wconf 87' lang='lat' dir='ltr'>onem,</span> <span class='ocrx_word' id='word_1_104' title='bbox 540 1472 577 1511; x_wconf 92' lang='lat' dir='ltr'>o</span> <span class='ocrx_word' id='word_1_105' title='bbox 604 1452 749 1522; x_wconf 75' lang='lat' dir='ltr'>viri:</span> <span class='ocrx_word' id='word_1_106' title='bbox 808 1474 945 1514; x_wconf 87' lang='lat' dir='ltr'>nam</span> <span class='ocrx_word' id='word_1_107' title='bbox 968 1452 1379 1514; x_wconf 81' lang='lat' dir='ltr'>interminatus</span> <span class='ocrx_word' id='word_1_108' title='bbox 1408 1454 1962 1517; x_wconf 71' lang='lat' dir='ltr'>estTheamotheta</span> <span class='ocrx_word' id='word_1_109' title='bbox 1999 1457 2074 1531; x_wconf 83' lang='lat' dir='ltr'>ei,</span> <span class='ocrx_word' id='word_1_110' title='bbox 2121 1461 2222 1539; x_wconf 90' lang='lat' dir='ltr'>qui</span> <span class='ocrx_word' id='word_1_111' title='bbox 2271 1451 2624 1545; x_wconf 22' lang='lat' dir='ltr'>nontprimo</span> 
     </span>
     <span class='ocr_line' id='line_1_13' title="bbox 310 1544 2627 1631; baseline 0.008 -28"><span class='ocrx_word' id='word_1_112' title='bbox 310 1561 515 1615; x_wconf 85' lang='lat' dir='ltr'>mane,</span> <span class='ocrx_word' id='word_1_113' title='bbox 544 1544 753 1606; x_wconf 77' lang='lat' dir='ltr'>offusis</span> <span class='ocrx_word' id='word_1_114' title='bbox 780 1547 1103 1607; x_wconf 79' lang='lat' dir='ltr'>etiamnum</span> <span class='ocrx_word' id='word_1_115' title='bbox 1133 1547 1389 1611; x_wconf 77' lang='lat' dir='ltr'>tenebris</span> <span class='ocrx_word' id='word_1_116' title='bbox 1432 1566 1612 1629; x_wconf 73' lang='lat' dir='ltr'>super</span> <span class='ocrx_word' id='word_1_117' title='bbox 1655 1560 1892 1622; x_wconf 86' lang='lat' dir='ltr'>terram,</span> <span class='ocrx_word' id='word_1_118' title='bbox 1934 1551 2159 1612; x_wconf 83' lang='lat' dir='ltr'>venerit</span> <span class='ocrx_word' id='word_1_119' title='bbox 2197 1553 2440 1631; x_wconf 82' lang='lat' dir='ltr'>pulvere</span> <span class='ocrx_word' id='word_1_120' title='bbox 2479 1576 2627 1621; x_wconf 70' lang='lat' dir='ltr'>con-r</span> 
     </span>
     <span class='ocr_line' id='line_1_14' title="bbox 306 1627 2626 1724; baseline 0.008 -30"><span class='ocrx_word' id='word_1_121' title='bbox 306 1654 559 1715; x_wconf 74' lang='lat' dir='ltr'>spernus</span> <span class='ocrx_word' id='word_1_122' title='bbox 598 1657 723 1717; x_wconf 79' lang='lat' dir='ltr'>proe</span> <span class='ocrx_word' id='word_1_123' title='bbox 748 1638 1149 1711; x_wconf 78' lang='lat' dir='ltr'>festinatione,</span> <span class='ocrx_word' id='word_1_124' title='bbox 1204 1627 1417 1701; x_wconf 74' lang='lat' dir='ltr'>acerba</span> <span class='ocrx_word' id='word_1_125' title='bbox 1470 1652 1668 1713; x_wconf 83' lang='lat' dir='ltr'>tuens,</span> <span class='ocrx_word' id='word_1_126' title='bbox 1711 1640 1914 1703; x_wconf 87' lang='lat' dir='ltr'>alliata</span> <span class='ocrx_word' id='word_1_127' title='bbox 1956 1644 2144 1704; x_wconf 87' lang='lat' dir='ltr'>muria</span> <span class='ocrx_word' id='word_1_128' title='bbox 2183 1658 2524 1724; x_wconf 70' lang='lat' dir='ltr'>contentae,</span> <span class='ocrx_word' id='word_1_129' title='bbox 2569 1650 2626 1713; x_wconf 85' lang='lat' dir='ltr'>ei</span> 
     </span>
     <span class='ocr_line' id='line_1_15' title="bbox 306 1729 2626 1825; baseline 0.007 -36"><span class='ocrx_word' id='word_1_130' title='bbox 306 1729 579 1809; x_wconf 83' lang='lat' dir='ltr'>inquam,</span> <span class='ocrx_word' id='word_1_131' title='bbox 606 1750 727 1790; x_wconf 86' lang='lat' dir='ltr'>non</span> <span class='ocrx_word' id='word_1_132' title='bbox 780 1732 1057 1793; x_wconf 87' lang='lat' dir='ltr'>daturum</span> <span class='ocrx_word' id='word_1_133' title='bbox 1102 1753 1169 1794; x_wconf 78' lang='lat' dir='ltr'>ae</span> <span class='ocrx_word' id='word_1_134' title='bbox 1206 1743 1325 1796; x_wconf 83' lang='lat' dir='ltr'>tres</span> <span class='ocrx_word' id='word_1_135' title='bbox 1372 1733 1603 1795; x_wconf 78' lang='lat' dir='ltr'>obolos,</span> <span class='ocrx_word' id='word_1_136' title='bbox 1685 1734 1827 1808; x_wconf 88' lang='lat' dir='ltr'>Sed,</span> <span class='ocrx_word' id='word_1_137' title='bbox 1885 1755 1922 1796; x_wconf 96' lang='lat' dir='ltr'>o</span> <span class='ocrx_word' id='word_1_138' title='bbox 1979 1736 2392 1817; x_wconf 85' lang='lat' dir='ltr'>Charitimida,</span> <span class='ocrx_word' id='word_1_139' title='bbox 2440 1753 2626 1825; x_wconf 82' lang='lat' dir='ltr'>tuque</span> 
     </span>
     <span class='ocr_line' id='line_1_16' title="bbox 310 1822 2626 1909; baseline 0.006 -28"><span class='ocrx_word' id='word_1_140' title='bbox 310 1822 647 1904; x_wconf 81' lang='lat' dir='ltr'>Smicythe,</span> <span class='ocrx_word' id='word_1_141' title='bbox 682 1836 746 1886; x_wconf 88' lang='lat' dir='ltr'>et</span> <span class='ocrx_word' id='word_1_142' title='bbox 789 1826 1007 1900; x_wconf 87' lang='lat' dir='ltr'>Drace,</span> <span class='ocrx_word' id='word_1_143' title='bbox 1055 1846 1303 1907; x_wconf 81' lang='lat' dir='ltr'>sequere</span> <span class='ocrx_word' id='word_1_144' title='bbox 1355 1827 1799 1901; x_wconf 83' lang='lat' dir='ltr'>festinabunde,</span> <span class='ocrx_word' id='word_1_145' title='bbox 1848 1846 2088 1909; x_wconf 78' lang='lat' dir='ltr'>operam</span> <span class='ocrx_word' id='word_1_146' title='bbox 2137 1830 2312 1909; x_wconf 80' lang='lat' dir='ltr'>dans,</span> <span class='ocrx_word' id='word_1_147' title='bbox 2361 1845 2434 1899; x_wconf 88' lang='lat' dir='ltr'>ut</span> <span class='ocrx_word' id='word_1_148' title='bbox 2477 1836 2626 1899; x_wconf 87' lang='lat' dir='ltr'>nihil</span> 
     </span>
     <span class='ocr_line' id='line_1_17' title="bbox 302 1916 2624 2009; baseline 0.006 -34"><span class='ocrx_word' id='word_1_149' title='bbox 302 1916 551 1978; x_wconf 71' lang='lat' dir='ltr'>aberres</span> <span class='ocrx_word' id='word_1_150' title='bbox 572 1920 649 1979; x_wconf 88' lang='lat' dir='ltr'>ab</span> <span class='ocrx_word' id='word_1_151' title='bbox 668 1918 763 1991; x_wconf 82' lang='lat' dir='ltr'>iia,</span> <span class='ocrx_word' id='word_1_152' title='bbox 793 1940 931 1999; x_wconf 80' lang='lat' dir='ltr'>quae</span> <span class='ocrx_word' id='word_1_153' title='bbox 960 1931 1019 1981; x_wconf 78' lang='lat' dir='ltr'>te</span> <span class='ocrx_word' id='word_1_154' title='bbox 1044 1920 1169 1981; x_wconf 83' lang='lat' dir='ltr'>illic</span> <span class='ocrx_word' id='word_1_155' title='bbox 1197 1919 1411 1983; x_wconf 83' lang='lat' dir='ltr'>effecta</span> <span class='ocrx_word' id='word_1_156' title='bbox 1431 1920 1574 1981; x_wconf 89' lang='lat' dir='ltr'>dare</span> <span class='ocrx_word' id='word_1_157' title='bbox 1604 1940 1852 1984; x_wconf 74' lang='lat' dir='ltr'>necesse</span> <span class='ocrx_word' id='word_1_158' title='bbox 1878 1932 1992 1989; x_wconf 81' lang='lat' dir='ltr'>est.</span> <span class='ocrx_word' id='word_1_159' title='bbox 2045 1926 2322 1995; x_wconf 80' lang='lat' dir='ltr'>Ceterum</span> <span class='ocrx_word' id='word_1_160' title='bbox 2353 1927 2624 2009; x_wconf 77' lang='lat' dir='ltr'>symbolo</span> 
     </span>
     <span class='ocr_line' id='line_1_18' title="bbox 304 2012 2624 2100; baseline 0.006 -32"><span class='ocrx_word' id='word_1_161' title='bbox 304 2023 565 2090; x_wconf 82' lang='lat' dir='ltr'>accepto</span> <span class='ocrx_word' id='word_1_162' title='bbox 588 2032 779 2093; x_wconf 81' lang='lat' dir='ltr'>prope</span> <span class='ocrx_word' id='word_1_163' title='bbox 806 2012 1053 2075; x_wconf 81' lang='lat' dir='ltr'>invicem</span> <span class='ocrx_word' id='word_1_164' title='bbox 1084 2013 1421 2088; x_wconf 77' lang='lat' dir='ltr'>sedeamus,</span> <span class='ocrx_word' id='word_1_165' title='bbox 1438 2024 1505 2075; x_wconf 90' lang='lat' dir='ltr'>ut</span> <span class='ocrx_word' id='word_1_166' title='bbox 1533 2034 1606 2075; x_wconf 88' lang='lat' dir='ltr'>ea</span> <span class='ocrx_word' id='word_1_167' title='bbox 1633 2014 2018 2078; x_wconf 78' lang='lat' dir='ltr'>decernamus</span> <span class='ocrx_word' id='word_1_168' title='bbox 2041 2017 2258 2094; x_wconf 83' lang='lat' dir='ltr'>omnia,</span> <span class='ocrx_word' id='word_1_169' title='bbox 2297 2039 2436 2100; x_wconf 76' lang='lat' dir='ltr'>quae</span> <span class='ocrx_word' id='word_1_170' title='bbox 2477 2022 2624 2083; x_wconf 86' lang='lat' dir='ltr'>ami-</span> 
     </span>
     <span class='ocr_line' id='line_1_19' title="bbox 302 2112 2625 2199; baseline 0.006 -30"><span class='ocrx_word' id='word_1_171' title='bbox 302 2126 515 2169; x_wconf 83' lang='lat' dir='ltr'>carum</span> <span class='ocrx_word' id='word_1_172' title='bbox 542 2120 876 2171; x_wconf 78' lang='lat' dir='ltr'>nostrarum</span> <span class='ocrx_word' id='word_1_173' title='bbox 928 2112 988 2170; x_wconf 91' lang='lat' dir='ltr'>in</span> <span class='ocrx_word' id='word_1_174' title='bbox 1042 2130 1167 2172; x_wconf 89' lang='lat' dir='ltr'>rem</span> <span class='ocrx_word' id='word_1_175' title='bbox 1223 2113 1372 2174; x_wconf 89' lang='lat' dir='ltr'>bene</span> <span class='ocrx_word' id='word_1_176' title='bbox 1424 2112 1788 2174; x_wconf 86' lang='lat' dir='ltr'>conducant.</span> <span class='ocrx_word' id='word_1_177' title='bbox 1873 2114 1954 2174; x_wconf 87' lang='lat' dir='ltr'>At</span> <span class='ocrx_word' id='word_1_178' title='bbox 1999 2134 2139 2177; x_wconf 76' lang='lat' dir='ltr'>vero</span> <span class='ocrx_word' id='word_1_179' title='bbox 2181 2116 2625 2199; x_wconf 66' lang='lat' dir='ltr'>quid&#39;loquorl</span> 
     </span>
     <span class='ocr_line' id='line_1_20' title="bbox 298 2205 2622 2292; baseline 0.006 -31"><span class='ocrx_word' id='word_1_180' title='bbox 298 2205 627 2264; x_wconf 67' lang='lat' dir='ltr'>cunicmu-</span> <span class='ocrx_word' id='word_1_181' title='bbox 653 2205 809 2265; x_wconf 87' lang='lat' dir='ltr'>enim</span> <span class='ocrx_word' id='word_1_182' title='bbox 838 2205 1035 2266; x_wconf 86' lang='lat' dir='ltr'>dicere</span> <span class='ocrx_word' id='word_1_183' title='bbox 1074 2206 1417 2267; x_wconf 77' lang='lat' dir='ltr'>debueram.</span> <span class='ocrx_word' id='word_1_184' title='bbox 1502 2206 1666 2267; x_wconf 73' lang='lat' dir='ltr'>San.</span> <span class='ocrx_word' id='word_1_185' title='bbox 1710 2205 1864 2267; x_wconf 87' lang='lat' dir='ltr'>Vide</span> <span class='ocrx_word' id='word_1_186' title='bbox 1902 2219 2100 2273; x_wconf 86' lang='lat' dir='ltr'>autem</span> <span class='ocrx_word' id='word_1_187' title='bbox 2129 2221 2197 2269; x_wconf 87' lang='lat' dir='ltr'>ut</span> <span class='ocrx_word' id='word_1_188' title='bbox 2221 2210 2622 2292; x_wconf 73' lang='lat' dir='ltr'>propellamus</span> 
     </span>
     <span class='ocr_line' id='line_1_21' title="bbox 302 2293 2622 2382; baseline 0.006 -28"><span class='ocrx_word' id='word_1_189' title='bbox 302 2293 481 2370; x_wconf 75' lang='lat' dir='ltr'>istos,</span> <span class='ocrx_word' id='word_1_190' title='bbox 512 2298 711 2378; x_wconf 61' lang='lat' dir='ltr'>qni„ex</span> <span class='ocrx_word' id='word_1_191' title='bbox 738 2299 893 2359; x_wconf 74' lang='lat' dir='ltr'>Astu</span> <span class='ocrx_word' id='word_1_192' title='bbox 925 2298 1205 2368; x_wconf 81' lang='lat' dir='ltr'>veniunt:</span> <span class='ocrx_word' id='word_1_193' title='bbox 1257 2300 1359 2379; x_wconf 89' lang='lat' dir='ltr'>qui</span> <span class='ocrx_word' id='word_1_194' title='bbox 1388 2298 1626 2379; x_wconf 85' lang='lat' dir='ltr'>quidem</span> <span class='ocrx_word' id='word_1_195' title='bbox 1655 2300 1931 2374; x_wconf 85' lang='lat' dir='ltr'>antehac,</span> <span class='ocrx_word' id='word_1_196' title='bbox 1973 2322 2156 2382; x_wconf 89' lang='lat' dir='ltr'>quum</span> <span class='ocrx_word' id='word_1_197' title='bbox 2192 2303 2432 2367; x_wconf 86' lang='lat' dir='ltr'>unicum</span> <span class='ocrx_word' id='word_1_198' title='bbox 2476 2306 2622 2367; x_wconf 89' lang='lat' dir='ltr'>obo-</span> 
     </span>
     <span class='ocr_line' id='line_1_22' title="bbox 302 2388 2622 2471; baseline 0.008 -24"><span class='ocrx_word' id='word_1_199' title='bbox 302 2388 429 2448; x_wconf 87' lang='lat' dir='ltr'>lum</span> <span class='ocrx_word' id='word_1_200' title='bbox 454 2391 794 2471; x_wconf 77' lang='lat' dir='ltr'>acciperent</span> <span class='ocrx_word' id='word_1_201' title='bbox 812 2392 890 2452; x_wconf 90' lang='lat' dir='ltr'>ad</span> <span class='ocrx_word' id='word_1_202' title='bbox 912 2393 1259 2452; x_wconf 86' lang='lat' dir='ltr'>concionem</span> <span class='ocrx_word' id='word_1_203' title='bbox 1285 2393 1615 2464; x_wconf 79' lang='lat' dir='ltr'>venientes,</span> <span class='ocrx_word' id='word_1_204' title='bbox 1639 2393 1930 2453; x_wconf 80' lang='lat' dir='ltr'>sedebant</span> <span class='ocrx_word' id='word_1_205' title='bbox 1943 2395 2432 2459; x_wconf 74' lang='lat' dir='ltr'>confabulantes:</span> <span class='ocrx_word' id='word_1_206' title='bbox 2461 2418 2622 2465; x_wconf 74' lang='lat' dir='ltr'>nune</span> 
     </span>
     <span class='ocr_line' id='line_1_23' title="bbox 300 2483 2620 2569; baseline 0.007 -30"><span class='ocrx_word' id='word_1_207' title='bbox 300 2493 507 2542; x_wconf 81' lang='lat' dir='ltr'>autem</span> <span class='ocrx_word' id='word_1_208' title='bbox 532 2502 658 2565; x_wconf 77' lang='lat' dir='ltr'>prae</span> <span class='ocrx_word' id='word_1_209' title='bbox 686 2486 859 2545; x_wconf 85' lang='lat' dir='ltr'>turba</span> <span class='ocrx_word' id='word_1_210' title='bbox 882 2483 1114 2545; x_wconf 71' lang='lat' dir='ltr'>molesti</span> <span class='ocrx_word' id='word_1_211' title='bbox 1142 2495 1305 2547; x_wconf 74' lang='lat' dir='ltr'>aunt.</span> <span class='ocrx_word' id='word_1_212' title='bbox 1372 2487 1457 2545; x_wconf 88' lang='lat' dir='ltr'>At</span> <span class='ocrx_word' id='word_1_213' title='bbox 1482 2486 1634 2547; x_wconf 90' lang='lat' dir='ltr'>enim</span> <span class='ocrx_word' id='word_1_214' title='bbox 1666 2506 1848 2566; x_wconf 87' lang='lat' dir='ltr'>quum</span> <span class='ocrx_word' id='word_1_215' title='bbox 1879 2486 2121 2549; x_wconf 87' lang='lat' dir='ltr'>Archon</span> <span class='ocrx_word' id='word_1_216' title='bbox 2149 2501 2276 2553; x_wconf 84' lang='lat' dir='ltr'>erat</span> <span class='ocrx_word' id='word_1_217' title='bbox 2295 2509 2620 2569; x_wconf 69' lang='lat' dir='ltr'>generosus</span> 
     </span>
     <span class='ocr_line' id='line_1_24' title="bbox 300 2573 2620 2660; baseline 0.007 -28"><span class='ocrx_word' id='word_1_218' title='bbox 300 2573 405 2635; x_wconf 82' lang='lat' dir='ltr'>ille</span> <span class='ocrx_word' id='word_1_219' title='bbox 428 2574 801 2657; x_wconf 76' lang='lat' dir='ltr'>Myronidee,</span> <span class='ocrx_word' id='word_1_220' title='bbox 830 2598 1005 2640; x_wconf 88' lang='lat' dir='ltr'>nemo</span> <span class='ocrx_word' id='word_1_221' title='bbox 1028 2598 1213 2640; x_wconf 74' lang='lat' dir='ltr'>ausus</span> <span class='ocrx_word' id='word_1_222' title='bbox 1241 2580 1453 2640; x_wconf 75' lang='lat' dir='ltr'>fuisset</span> <span class='ocrx_word' id='word_1_223' title='bbox 1480 2598 1513 2639; x_wconf 91' lang='lat' dir='ltr'>e</span> <span class='ocrx_word' id='word_1_224' title='bbox 1537 2580 1874 2660; x_wconf 70' lang='lat' dir='ltr'>reipublice:</span> <span class='ocrx_word' id='word_1_225' title='bbox 1920 2580 2424 2645; x_wconf 74' lang='lat' dir='ltr'>administratione</span> <span class='ocrx_word' id='word_1_226' title='bbox 2467 2606 2620 2649; x_wconf 85' lang='lat' dir='ltr'>mer-</span> 
     </span>
     <span class='ocr_line' id='line_1_25' title="bbox 296 2668 2616 2759; baseline 0.005 -31"><span class='ocrx_word' id='word_1_227' title='bbox 296 2668 520 2729; x_wconf 83' lang='lat' dir='ltr'>cedem</span> <span class='ocrx_word' id='word_1_228' title='bbox 558 2670 749 2733; x_wconf 84' lang='lat' dir='ltr'>ferre:</span> <span class='ocrx_word' id='word_1_229' title='bbox 809 2672 916 2733; x_wconf 80' lang='lat' dir='ltr'>sed</span> <span class='ocrx_word' id='word_1_230' title='bbox 972 2673 1243 2733; x_wconf 84' lang='lat' dir='ltr'>veniebat</span> <span class='ocrx_word' id='word_1_231' title='bbox 1288 2672 1700 2753; x_wconf 76' lang='lat' dir='ltr'>unusquisque</span> <span class='ocrx_word' id='word_1_232' title='bbox 1755 2673 1816 2733; x_wconf 90' lang='lat' dir='ltr'>in</span> <span class='ocrx_word' id='word_1_233' title='bbox 1850 2674 2094 2737; x_wconf 73' lang='lat' dir='ltr'>sacculo</span> <span class='ocrx_word' id='word_1_234' title='bbox 2137 2674 2365 2738; x_wconf 75' lang='lat' dir='ltr'>habens</span> <span class='ocrx_word' id='word_1_235' title='bbox 2410 2690 2616 2759; x_wconf 88' lang='lat' dir='ltr'>potum</span> 
     </span>
     <span class='ocr_line' id='line_1_26' title="bbox 294 2763 2618 2848; baseline 0.005 -25"><span class='ocrx_word' id='word_1_236' title='bbox 294 2763 481 2823; x_wconf 63' lang='lat' dir='ltr'>timul</span> <span class='ocrx_word' id='word_1_237' title='bbox 523 2776 939 2847; x_wconf 64' lang='lat' dir='ltr'>panemqueet</span> <span class='ocrx_word' id='word_1_238' title='bbox 962 2764 1115 2827; x_wconf 77' lang='lat' dir='ltr'>duaa</span> <span class='ocrx_word' id='word_1_239' title='bbox 1142 2785 1345 2848; x_wconf 80' lang='lat' dir='ltr'>cepas,</span> <span class='ocrx_word' id='word_1_240' title='bbox 1368 2778 1610 2847; x_wconf 74' lang='lat' dir='ltr'>tresque</span> <span class='ocrx_word' id='word_1_241' title='bbox 1640 2765 1828 2827; x_wconf 78' lang='lat' dir='ltr'>olivas</span> <span class='ocrx_word' id='word_1_242' title='bbox 1856 2767 2110 2830; x_wconf 88' lang='lat' dir='ltr'>circiter.</span> <span class='ocrx_word' id='word_1_243' title='bbox 2199 2768 2378 2833; x_wconf 86' lang='lat' dir='ltr'>Nunc</span> <span class='ocrx_word' id='word_1_244' title='bbox 2417 2781 2618 2835; x_wconf 86' lang='lat' dir='ltr'>autem</span> 
     </span>
     <span class='ocr_line' id='line_1_27' title="bbox 298 2857 2618 2945; baseline 0.003 -28"><span class='ocrx_word' id='word_1_245' title='bbox 298 2857 624 2919; x_wconf 86' lang='lat' dir='ltr'>triobolum</span> <span class='ocrx_word' id='word_1_246' title='bbox 652 2860 919 2940; x_wconf 88' lang='lat' dir='ltr'>accipere</span> <span class='ocrx_word' id='word_1_247' title='bbox 947 2858 1275 2939; x_wconf 84' lang='lat' dir='ltr'>postulant,</span> <span class='ocrx_word' id='word_1_248' title='bbox 1297 2880 1477 2940; x_wconf 84' lang='lat' dir='ltr'>quum</span> <span class='ocrx_word' id='word_1_249' title='bbox 1497 2860 1724 2941; x_wconf 88' lang='lat' dir='ltr'>aliquid</span> <span class='ocrx_word' id='word_1_250' title='bbox 1765 2860 2020 2942; x_wconf 77' lang='lat' dir='ltr'>publicae</span> <span class='ocrx_word' id='word_1_251' title='bbox 2041 2861 2126 2921; x_wconf 86' lang='lat' dir='ltr'>rei</span> <span class='ocrx_word' id='word_1_252' title='bbox 2153 2862 2404 2937; x_wconf 82' lang='lat' dir='ltr'>faciunt,</span> <span class='ocrx_word' id='word_1_253' title='bbox 2442 2866 2618 2945; x_wconf 71' lang='lat' dir='ltr'>quani</span> 
     </span>
     <span class='ocr_line' id='line_1_28' title="bbox 296 2950 1342 3033; baseline 0.004 -24"><span class='ocrx_word' id='word_1_254' title='bbox 296 2950 449 3013; x_wconf 80' lang='lat' dir='ltr'>viles</span> <span class='ocrx_word' id='word_1_255' title='bbox 470 2952 749 3033; x_wconf 84' lang='lat' dir='ltr'>operarii,</span> <span class='ocrx_word' id='word_1_256' title='bbox 776 2953 877 3033; x_wconf 90' lang='lat' dir='ltr'>qui</span> <span class='ocrx_word' id='word_1_257' title='bbox 906 2953 1096 3014; x_wconf 90' lang='lat' dir='ltr'>lutum</span> <span class='ocrx_word' id='word_1_258' title='bbox 1124 2953 1342 3013; x_wconf 82' lang='lat' dir='ltr'>ferunt.</span> 
     </span>
    </p>

    <p class='ocr_par' dir='ltr' id='par_1_3' title="bbox 286 3044 2618 3593">
     <span class='ocr_line' id='line_1_29' title="bbox 382 3044 2618 3116; baseline 0.003 -9"><span class='ocrx_word' id='word_1_259' title='bbox 382 3048 593 3107; x_wconf 70' lang='lat' dir='ltr'>Bmu’.</span> <span class='ocrx_word' id='word_1_260' title='bbox 637 3046 799 3116; x_wconf 89' lang='lat' dir='ltr'>Quid</span> <span class='ocrx_word' id='word_1_261' title='bbox 818 3047 931 3107; x_wconf 89' lang='lat' dir='ltr'>hoc</span> <span class='ocrx_word' id='word_1_262' title='bbox 960 3046 1043 3105; x_wconf 90' lang='lat' dir='ltr'>rei</span> <span class='ocrx_word' id='word_1_263' title='bbox 1072 3044 1207 3107; x_wconf 75' lang='lat' dir='ltr'>est?</span> <span class='ocrx_word' id='word_1_264' title='bbox 1288 3046 1566 3115; x_wconf 86' lang='lat' dir='ltr'>Quonam</span> <span class='ocrx_word' id='word_1_265' title='bbox 1595 3044 1738 3107; x_wconf 86' lang='lat' dir='ltr'>mihi</span> <span class='ocrx_word' id='word_1_266' title='bbox 1764 3064 1913 3107; x_wconf 86' lang='lat' dir='ltr'>uxor</span> <span class='ocrx_word' id='word_1_267' title='bbox 1951 3044 2239 3107; x_wconf 72' lang='lat' dir='ltr'>evanuit?</span> <span class='ocrx_word' id='word_1_268' title='bbox 2293 3066 2432 3111; x_wconf 88' lang='lat' dir='ltr'>nam</span> <span class='ocrx_word' id='word_1_269' title='bbox 2457 3048 2618 3113; x_wconf 84' lang='lat' dir='ltr'>circa</span> 
     </span>
     <span class='ocr_line' id='line_1_30' title="bbox 292 3139 2616 3223; baseline 0.003 -24"><span class='ocrx_word' id='word_1_270' title='bbox 292 3142 593 3201; x_wconf 72' lang='lat' dir='ltr'>Auroram</span> <span class='ocrx_word' id='word_1_271' title='bbox 620 3140 751 3200; x_wconf 71' lang='lat' dir='ltr'>dies</span> <span class='ocrx_word' id='word_1_272' title='bbox 788 3150 916 3210; x_wconf 74' lang='lat' dir='ltr'>eat:</span> <span class='ocrx_word' id='word_1_273' title='bbox 960 3139 1065 3200; x_wconf 86' lang='lat' dir='ltr'>illa</span> <span class='ocrx_word' id='word_1_274' title='bbox 1110 3146 1309 3199; x_wconf 88' lang='lat' dir='ltr'>autem</span> <span class='ocrx_word' id='word_1_275' title='bbox 1360 3160 1481 3201; x_wconf 88' lang='lat' dir='ltr'>non</span> <span class='ocrx_word' id='word_1_276' title='bbox 1537 3151 1802 3220; x_wconf 88' lang='lat' dir='ltr'>apparet.</span> <span class='ocrx_word' id='word_1_277' title='bbox 1885 3139 1969 3200; x_wconf 90' lang='lat' dir='ltr'>At</span> <span class='ocrx_word' id='word_1_278' title='bbox 2017 3158 2132 3219; x_wconf 78' lang='lat' dir='ltr'>ego</span> <span class='ocrx_word' id='word_1_279' title='bbox 2169 3139 2347 3219; x_wconf 80' lang='lat' dir='ltr'>jaceo</span> <span class='ocrx_word' id='word_1_280' title='bbox 2384 3141 2616 3223; x_wconf 79' lang='lat' dir='ltr'>jamdiu</span> 
     </span>
     <span class='ocr_line' id='line_1_31' title="bbox 292 3231 2615 3317; baseline 0.002 -24"><span class='ocrx_word' id='word_1_281' title='bbox 292 3233 699 3306; x_wconf 79' lang='lat' dir='ltr'>cacaturiens,</span> <span class='ocrx_word' id='word_1_282' title='bbox 753 3232 951 3294; x_wconf 69' lang='lat' dir='ltr'>solean</span> <span class='ocrx_word' id='word_1_283' title='bbox 1006 3233 1328 3314; x_wconf 76' lang='lat' dir='ltr'>qnaeritana</span> <span class='ocrx_word' id='word_1_284' title='bbox 1382 3231 1440 3292; x_wconf 89' lang='lat' dir='ltr'>in</span> <span class='ocrx_word' id='word_1_285' title='bbox 1496 3232 1756 3293; x_wconf 74' lang='lat' dir='ltr'>tenebris</span> <span class='ocrx_word' id='word_1_286' title='bbox 1809 3242 1870 3294; x_wconf 88' lang='lat' dir='ltr'>et</span> <span class='ocrx_word' id='word_1_287' title='bbox 1933 3232 2218 3313; x_wconf 85' lang='lat' dir='ltr'>pallium:</span> <span class='ocrx_word' id='word_1_288' title='bbox 2297 3246 2615 3317; x_wconf 67' lang='lat' dir='ltr'>postquam</span> 
     </span>
     <span class='ocr_line' id='line_1_32' title="bbox 292 3324 2616 3409; baseline 0.003 -23"><span class='ocrx_word' id='word_1_289' title='bbox 292 3338 499 3387; x_wconf 88' lang='lat' dir='ltr'>autem</span> <span class='ocrx_word' id='word_1_290' title='bbox 520 3324 669 3386; x_wconf 85' lang='lat' dir='ltr'>illud</span> <span class='ocrx_word' id='word_1_291' title='bbox 692 3326 968 3388; x_wconf 80' lang='lat' dir='ltr'>manibus</span> <span class='ocrx_word' id='word_1_292' title='bbox 1011 3326 1281 3388; x_wconf 72' lang='lat' dir='ltr'>etudioae</span> <span class='ocrx_word' id='word_1_293' title='bbox 1306 3325 1594 3389; x_wconf 84' lang='lat' dir='ltr'>tentando</span> <span class='ocrx_word' id='word_1_294' title='bbox 1623 3345 1743 3388; x_wconf 88' lang='lat' dir='ltr'>non</span> <span class='ocrx_word' id='word_1_295' title='bbox 1776 3326 1942 3406; x_wconf 88' lang='lat' dir='ltr'>potui</span> <span class='ocrx_word' id='word_1_296' title='bbox 1985 3328 2268 3403; x_wconf 79' lang='lat' dir='ltr'>invenire,</span> <span class='ocrx_word' id='word_1_297' title='bbox 2297 3328 2428 3409; x_wconf 83' lang='lat' dir='ltr'>jam</span> <span class='ocrx_word' id='word_1_298' title='bbox 2475 3350 2616 3393; x_wconf 85' lang='lat' dir='ltr'>vero</span> 
     </span>
     <span class='ocr_line' id='line_1_33' title="bbox 286 3418 2616 3504; baseline 0.003 -25"><span class='ocrx_word' id='word_1_299' title='bbox 286 3419 545 3499; x_wconf 86' lang='lat' dir='ltr'>januam</span> <span class='ocrx_word' id='word_1_300' title='bbox 574 3418 783 3481; x_wconf 86' lang='lat' dir='ltr'>aderat</span> <span class='ocrx_word' id='word_1_301' title='bbox 806 3422 1049 3501; x_wconf 79' lang='lat' dir='ltr'>pultana</span> <span class='ocrx_word' id='word_1_302' title='bbox 1070 3421 1381 3501; x_wconf 77' lang='lat' dir='ltr'>Copraeua,</span> <span class='ocrx_word' id='word_1_303' title='bbox 1407 3421 1523 3481; x_wconf 91' lang='lat' dir='ltr'>hoc</span> <span class='ocrx_word' id='word_1_304' title='bbox 1543 3439 1658 3500; x_wconf 83' lang='lat' dir='ltr'>ego</span> <span class='ocrx_word' id='word_1_305' title='bbox 1687 3420 1887 3481; x_wconf 79' lang='lat' dir='ltr'>uxoria</span> <span class='ocrx_word' id='word_1_306' title='bbox 1917 3440 2065 3481; x_wconf 78' lang='lat' dir='ltr'>meae</span> <span class='ocrx_word' id='word_1_307' title='bbox 2087 3421 2397 3484; x_wconf 82' lang='lat' dir='ltr'>amiculum</span> <span class='ocrx_word' id='word_1_308' title='bbox 2423 3424 2616 3504; x_wconf 77' lang='lat' dir='ltr'>capio,</span> 
     </span>
     <span class='ocr_line' id='line_1_34' title="bbox 291 3512 2615 3593; baseline 0.004 -22"><span class='ocrx_word' id='word_1_309' title='bbox 291 3513 555 3593; x_wconf 79' lang='lat' dir='ltr'>ejusque</span> <span class='ocrx_word' id='word_1_310' title='bbox 594 3512 867 3574; x_wconf 73' lang='lat' dir='ltr'>Persicas</span> <span class='ocrx_word' id='word_1_311' title='bbox 924 3515 1129 3576; x_wconf 86' lang='lat' dir='ltr'>induo.</span> <span class='ocrx_word' id='word_1_312' title='bbox 1212 3513 1333 3575; x_wconf 88' lang='lat' dir='ltr'>Sed</span> <span class='ocrx_word' id='word_1_313' title='bbox 1376 3514 1613 3574; x_wconf 84' lang='lat' dir='ltr'>ubinam</span> <span class='ocrx_word' id='word_1_314' title='bbox 1663 3512 1832 3575; x_wconf 72' lang='lat' dir='ltr'>locun</span> <span class='ocrx_word' id='word_1_315' title='bbox 1875 3526 1972 3573; x_wconf 73' lang='lat' dir='ltr'>est</span> <span class='ocrx_word' id='word_1_316' title='bbox 2025 3513 2326 3577; x_wconf 66' lang='lat' dir='ltr'>secretus?</span> <span class='ocrx_word' id='word_1_317' title='bbox 2374 3515 2615 3580; x_wconf 78' lang='lat' dir='ltr'>ubinam</span> 
     </span>
    </p>
   </div>
   <div class='ocr_carea' id='block_1_3' title="bbox 288 3606 2737 3691">
    <p class='ocr_par' dir='ltr' id='par_1_4' title="bbox 288 3606 2737 3691">
     <span class='ocr_line' id='line_1_35' title="bbox 288 3606 2737 3691; baseline 0.003 -25"><span class='ocrx_word' id='word_1_318' title='bbox 288 3606 617 3668; x_wconf 86' lang='lat' dir='ltr'>commode</span> <span class='ocrx_word' id='word_1_319' title='bbox 646 3607 1021 3669; x_wconf 68' lang='lat' dir='ltr'>cacaverim‘?</span> <span class='ocrx_word' id='word_1_320' title='bbox 1062 3617 1125 3668; x_wconf 86' lang='lat' dir='ltr'>at</span> <span class='ocrx_word' id='word_1_321' title='bbox 1151 3626 1296 3668; x_wconf 74' lang='lat' dir='ltr'>cane</span> <span class='ocrx_word' id='word_1_322' title='bbox 1326 3620 1503 3667; x_wconf 88' lang='lat' dir='ltr'>noctu</span> <span class='ocrx_word' id='word_1_323' title='bbox 1530 3609 1866 3688; x_wconf 87' lang='lat' dir='ltr'>ubicunque</span> <span class='ocrx_word' id='word_1_324' title='bbox 1900 3624 2111 3667; x_wconf 82' lang='lat' dir='ltr'>cacare</span> <span class='ocrx_word' id='word_1_325' title='bbox 2150 3616 2362 3669; x_wconf 83' lang='lat' dir='ltr'>vacat:</span> <span class='ocrx_word' id='word_1_326' title='bbox 2418 3628 2614 3691; x_wconf 80' lang='lat' dir='ltr'>neque</span> <span class='ocrx_word' id='word_1_327' title='bbox 2729 3606 2737 3617; x_wconf 80' lang='grc'><strong>’</strong></span> 
     </span>
    </p>
   </div>
   <div class='ocr_carea' id='block_1_4' title="bbox 288 3700 2616 4627">
    <p class='ocr_par' dir='ltr' id='par_1_5' title="bbox 288 3700 2616 4627">
     <span class='ocr_line' id='line_1_36' title="bbox 292 3700 2616 3785; baseline 0.003 -26"><span class='ocrx_word' id='word_1_328' title='bbox 292 3701 459 3762; x_wconf 83' lang='lat' dir='ltr'>enim</span> <span class='ocrx_word' id='word_1_329' title='bbox 486 3720 585 3761; x_wconf 90' lang='lat' dir='ltr'>me</span> <span class='ocrx_word' id='word_1_330' title='bbox 606 3701 923 3781; x_wconf 83' lang='lat' dir='ltr'>quisquam</span> <span class='ocrx_word' id='word_1_331' title='bbox 950 3721 1110 3763; x_wconf 88' lang='lat' dir='ltr'>nunc</span> <span class='ocrx_word' id='word_1_332' title='bbox 1138 3707 1445 3763; x_wconf 87' lang='lat' dir='ltr'>cacantem</span> <span class='ocrx_word' id='word_1_333' title='bbox 1486 3701 1720 3763; x_wconf 82' lang='lat' dir='ltr'>viderit.</span> <span class='ocrx_word' id='word_1_334' title='bbox 1811 3700 1922 3763; x_wconf 86' lang='lat' dir='ltr'>Hei</span> <span class='ocrx_word' id='word_1_335' title='bbox 1962 3700 2178 3761; x_wconf 75' lang='lat' dir='ltr'>misero</span> <span class='ocrx_word' id='word_1_336' title='bbox 2218 3700 2382 3776; x_wconf 84' lang='lat' dir='ltr'>mihi,</span> <span class='ocrx_word' id='word_1_337' title='bbox 2429 3706 2616 3785; x_wconf 78' lang='lat' dir='ltr'>quod,</span> 
     </span>
     <span class='ocr_line' id='line_1_37' title="bbox 296 3794 2616 3879; baseline 0.002 -27"><span class='ocrx_word' id='word_1_338' title='bbox 296 3812 483 3855; x_wconf 75' lang='lat' dir='ltr'>senex</span> <span class='ocrx_word' id='word_1_339' title='bbox 502 3814 693 3875; x_wconf 88' lang='lat' dir='ltr'>quum</span> <span class='ocrx_word' id='word_1_340' title='bbox 718 3814 935 3869; x_wconf 74' lang='lat' dir='ltr'>essem,</span> <span class='ocrx_word' id='word_1_341' title='bbox 961 3795 1229 3857; x_wconf 84' lang='lat' dir='ltr'>duxerim</span> <span class='ocrx_word' id='word_1_342' title='bbox 1256 3799 1534 3857; x_wconf 80' lang='lat' dir='ltr'>uxorem!</span> <span class='ocrx_word' id='word_1_343' title='bbox 1578 3804 1720 3876; x_wconf 90' lang='lat' dir='ltr'>quot</span> <span class='ocrx_word' id='word_1_344' title='bbox 1743 3814 1860 3875; x_wconf 85' lang='lat' dir='ltr'>ego</span> <span class='ocrx_word' id='word_1_345' title='bbox 1876 3794 2215 3856; x_wconf 78' lang='lat' dir='ltr'>verberibus</span> <span class='ocrx_word' id='word_1_346' title='bbox 2256 3794 2438 3875; x_wconf 85' lang='lat' dir='ltr'>plecti</span> <span class='ocrx_word' id='word_1_347' title='bbox 2479 3796 2616 3879; x_wconf 65' lang='lat' dir='ltr'>dig-</span> 
     </span>
     <span class='ocr_line' id='line_1_38' title="bbox 294 3886 2614 3969; baseline 0.003 -22"><span class='ocrx_word' id='word_1_348' title='bbox 294 3906 412 3948; x_wconf 71' lang='lat' dir='ltr'>nun</span> <span class='ocrx_word' id='word_1_349' title='bbox 467 3893 645 3947; x_wconf 76' lang='lat' dir='ltr'>aum!</span> <span class='ocrx_word' id='word_1_350' title='bbox 726 3886 1089 3969; x_wconf 86' lang='lat' dir='ltr'>Neutiquam</span> <span class='ocrx_word' id='word_1_351' title='bbox 1137 3890 1293 3950; x_wconf 88' lang='lat' dir='ltr'>enim</span> <span class='ocrx_word' id='word_1_352' title='bbox 1341 3887 1483 3949; x_wconf 86' lang='lat' dir='ltr'>boni</span> <span class='ocrx_word' id='word_1_353' title='bbox 1541 3887 1842 3969; x_wconf 85' lang='lat' dir='ltr'>quidpiam</span> <span class='ocrx_word' id='word_1_354' title='bbox 1889 3900 2095 3950; x_wconf 81' lang='lat' dir='ltr'>actura</span> <span class='ocrx_word' id='word_1_355' title='bbox 2150 3887 2312 3951; x_wconf 83' lang='lat' dir='ltr'>exiit.</span> <span class='ocrx_word' id='word_1_356' title='bbox 2394 3890 2614 3954; x_wconf 78' lang='lat' dir='ltr'>Verum</span> 
     </span>
     <span class='ocr_line' id='line_1_39' title="bbox 298 3981 2616 4054; baseline 0.003 -13"><span class='ocrx_word' id='word_1_357' title='bbox 298 3991 435 4041; x_wconf 86' lang='lat' dir='ltr'>utut</span> <span class='ocrx_word' id='word_1_358' title='bbox 464 3981 601 4041; x_wconf 80' lang='lat' dir='ltr'>hoec</span> <span class='ocrx_word' id='word_1_359' title='bbox 630 3991 789 4054; x_wconf 78' lang='lat' dir='ltr'>aunt,</span> <span class='ocrx_word' id='word_1_360' title='bbox 816 3982 1046 4043; x_wconf 86' lang='lat' dir='ltr'>interim</span> <span class='ocrx_word' id='word_1_361' title='bbox 1086 3982 1419 4043; x_wconf 88' lang='lat' dir='ltr'>cacandum</span> <span class='ocrx_word' id='word_1_362' title='bbox 1449 3994 1544 4043; x_wconf 84' lang='lat' dir='ltr'>est</span> <span class='ocrx_word' id='word_1_363' title='bbox 1585 3992 1802 4044; x_wconf 87' lang='lat' dir='ltr'>tamen.</span> <span class='ocrx_word' id='word_1_364' title='bbox 1886 3982 2024 4042; x_wconf 73' lang='lat' dir='ltr'>Vra</span> <span class='ocrx_word' id='word_1_365' title='bbox 2066 3982 2272 4052; x_wconf 74' lang='lat' dir='ltr'>Quin.</span> <span class='ocrx_word' id='word_1_366' title='bbox 2314 3982 2466 4053; x_wconf 76' lang='lat' dir='ltr'>Quis</span> <span class='ocrx_word' id='word_1_367' title='bbox 2493 3984 2616 4049; x_wconf 84' lang='lat' dir='ltr'>illic</span> 
     </span>
     <span class='ocr_line' id='line_1_40' title="bbox 290 4074 2612 4155; baseline 0.003 -21"><span class='ocrx_word' id='word_1_368' title='bbox 290 4074 430 4134; x_wconf 73' lang='lat' dir='ltr'>eat?</span> <span class='ocrx_word' id='word_1_369' title='bbox 474 4093 677 4135; x_wconf 87' lang='lat' dir='ltr'>nonne</span> <span class='ocrx_word' id='word_1_370' title='bbox 708 4074 1003 4155; x_wconf 79' lang='lat' dir='ltr'>Blepyrua</span> <span class='ocrx_word' id='word_1_371' title='bbox 1024 4075 1295 4138; x_wconf 73' lang='lat' dir='ltr'>vicinus?</span> <span class='ocrx_word' id='word_1_372' title='bbox 1377 4074 1493 4135; x_wconf 86' lang='lat' dir='ltr'>Per</span> <span class='ocrx_word' id='word_1_373' title='bbox 1520 4076 1727 4137; x_wconf 84' lang='lat' dir='ltr'>Jovem</span> <span class='ocrx_word' id='word_1_374' title='bbox 1771 4074 1872 4136; x_wconf 91' lang='lat' dir='ltr'>ille</span> <span class='ocrx_word' id='word_1_375' title='bbox 1915 4076 2086 4155; x_wconf 73' lang='lat' dir='ltr'>ipsus</span> <span class='ocrx_word' id='word_1_376' title='bbox 2116 4086 2230 4139; x_wconf 83' lang='lat' dir='ltr'>est.</span> <span class='ocrx_word' id='word_1_377' title='bbox 2312 4076 2425 4139; x_wconf 91' lang='lat' dir='ltr'>Dic</span> <span class='ocrx_word' id='word_1_378' title='bbox 2449 4077 2612 4155; x_wconf 86' lang='lat' dir='ltr'>mihi,</span> 
     </span>
     <span class='ocr_line' id='line_1_41' title="bbox 292 4167 2612 4250; baseline 0.004 -25"><span class='ocrx_word' id='word_1_379' title='bbox 292 4167 441 4247; x_wconf 85' lang='lat' dir='ltr'>quid</span> <span class='ocrx_word' id='word_1_380' title='bbox 470 4167 585 4228; x_wconf 79' lang='lat' dir='ltr'>sibi</span> <span class='ocrx_word' id='word_1_381' title='bbox 615 4168 745 4228; x_wconf 79' lang='lat' dir='ltr'>vult</span> <span class='ocrx_word' id='word_1_382' title='bbox 771 4168 885 4229; x_wconf 88' lang='lat' dir='ltr'>hoc</span> <span class='ocrx_word' id='word_1_383' title='bbox 908 4169 1154 4230; x_wconf 82' lang='lat' dir='ltr'>rubrum</span> <span class='ocrx_word' id='word_1_384' title='bbox 1194 4189 1312 4250; x_wconf 88' lang='lat' dir='ltr'>quo</span> <span class='ocrx_word' id='word_1_385' title='bbox 1354 4168 1738 4249; x_wconf 66' lang='lat' dir='ltr'>contegeris?</span> <span class='ocrx_word' id='word_1_386' title='bbox 1781 4188 1857 4229; x_wconf 86' lang='lat' dir='ltr'>an</span> <span class='ocrx_word' id='word_1_387' title='bbox 1921 4180 1978 4229; x_wconf 89' lang='lat' dir='ltr'>te</span> <span class='ocrx_word' id='word_1_388' title='bbox 2019 4168 2292 4231; x_wconf 73' lang='lat' dir='ltr'>Cinesiaa</span> <span class='ocrx_word' id='word_1_389' title='bbox 2335 4170 2612 4235; x_wconf 85' lang='lat' dir='ltr'>alicunde</span> 
     </span>
     <span class='ocr_line' id='line_1_42' title="bbox 292 4259 2612 4346; baseline 0.003 -26"><span class='ocrx_word' id='word_1_390' title='bbox 292 4259 691 4321; x_wconf 70' lang='lat' dir='ltr'>concacavit?</span> <span class='ocrx_word' id='word_1_391' title='bbox 776 4262 981 4325; x_wconf 71' lang='lat' dir='ltr'>Bur.</span> <span class='ocrx_word' id='word_1_392' title='bbox 1026 4262 1305 4325; x_wconf 85' lang='lat' dir='ltr'>Minime:</span> <span class='ocrx_word' id='word_1_393' title='bbox 1365 4263 1471 4325; x_wconf 73' lang='lat' dir='ltr'>sed</span> <span class='ocrx_word' id='word_1_394' title='bbox 1502 4284 1636 4325; x_wconf 89' lang='lat' dir='ltr'>cum</span> <span class='ocrx_word' id='word_1_395' title='bbox 1667 4262 1864 4323; x_wconf 74' lang='lat' dir='ltr'>uxoria</span> <span class='ocrx_word' id='word_1_396' title='bbox 1892 4280 2042 4323; x_wconf 77' lang='lat' dir='ltr'>meaa</span> <span class='ocrx_word' id='word_1_397' title='bbox 2083 4264 2408 4337; x_wconf 84' lang='lat' dir='ltr'>crocotula,</span> <span class='ocrx_word' id='word_1_398' title='bbox 2433 4286 2612 4346; x_wconf 86' lang='lat' dir='ltr'>quam</span> 
     </span>
     <span class='ocr_line' id='line_1_43' title="bbox 290 4350 2612 4429; baseline 0.004 -20"><span class='ocrx_word' id='word_1_399' title='bbox 290 4350 398 4414; x_wconf 86' lang='lat' dir='ltr'>illa</span> <span class='ocrx_word' id='word_1_400' title='bbox 424 4354 677 4415; x_wconf 88' lang='lat' dir='ltr'>induere</span> <span class='ocrx_word' id='word_1_401' title='bbox 707 4354 883 4429; x_wconf 79' lang='lat' dir='ltr'>eol’et,</span> <span class='ocrx_word' id='word_1_402' title='bbox 912 4355 1093 4418; x_wconf 89' lang='lat' dir='ltr'>domo</span> <span class='ocrx_word' id='word_1_403' title='bbox 1120 4357 1259 4418; x_wconf 81' lang='lat' dir='ltr'>exii.</span> <span class='ocrx_word' id='word_1_404' title='bbox 1342 4357 1499 4418; x_wconf 78' lang='lat' dir='ltr'>Vnt.</span> <span class='ocrx_word' id='word_1_405' title='bbox 1540 4356 1795 4417; x_wconf 85' lang='lat' dir='ltr'>Pallium</span> <span class='ocrx_word' id='word_1_406' title='bbox 1822 4376 1964 4417; x_wconf 82' lang='lat' dir='ltr'>vero</span> <span class='ocrx_word' id='word_1_407' title='bbox 1991 4366 2154 4417; x_wconf 88' lang='lat' dir='ltr'>tuum</span> <span class='ocrx_word' id='word_1_408' title='bbox 2199 4357 2437 4418; x_wconf 86' lang='lat' dir='ltr'>ubinam</span> <span class='ocrx_word' id='word_1_409' title='bbox 2475 4358 2612 4421; x_wconf 68' lang='lat' dir='ltr'>eat?</span> 
     </span>
     <span class='ocr_line' id='line_1_44' title="bbox 292 4446 2610 4533; baseline 0.003 -28"><span class='ocrx_word' id='word_1_410' title='bbox 292 4446 497 4511; x_wconf 67' lang='lat' dir='ltr'>Bur.</span> <span class='ocrx_word' id='word_1_411' title='bbox 546 4450 765 4511; x_wconf 85' lang='lat' dir='ltr'>Dicere</span> <span class='ocrx_word' id='word_1_412' title='bbox 784 4470 1053 4531; x_wconf 78' lang='lat' dir='ltr'>nequeo:</span> <span class='ocrx_word' id='word_1_413' title='bbox 1095 4450 1157 4510; x_wconf 89' lang='lat' dir='ltr'>in</span> <span class='ocrx_word' id='word_1_414' title='bbox 1181 4451 1461 4531; x_wconf 79' lang='lat' dir='ltr'>stragulis</span> <span class='ocrx_word' id='word_1_415' title='bbox 1502 4450 1659 4513; x_wconf 87' lang='lat' dir='ltr'>enim</span> <span class='ocrx_word' id='word_1_416' title='bbox 1713 4448 1816 4510; x_wconf 88' lang='lat' dir='ltr'>diu</span> <span class='ocrx_word' id='word_1_417' title='bbox 1859 4450 2176 4532; x_wconf 68' lang='lat' dir='ltr'>quaesitum</span> <span class='ocrx_word' id='word_1_418' title='bbox 2223 4468 2344 4511; x_wconf 88' lang='lat' dir='ltr'>non</span> <span class='ocrx_word' id='word_1_419' title='bbox 2398 4451 2610 4533; x_wconf 84' lang='lat' dir='ltr'>reperi.</span> 
     </span>
     <span class='ocr_line' id='line_1_45' title="bbox 288 4542 2606 4627; baseline 0.004 -28"><span class='ocrx_word' id='word_1_420' title='bbox 288 4542 449 4605; x_wconf 70' lang='lat' dir='ltr'>Vra.</span> <span class='ocrx_word' id='word_1_421' title='bbox 494 4543 659 4614; x_wconf 84' lang='lat' dir='ltr'>Quid</span> <span class='ocrx_word' id='word_1_422' title='bbox 688 4545 943 4625; x_wconf 74' lang='lat' dir='ltr'>postea?</span> <span class='ocrx_word' id='word_1_423' title='bbox 986 4557 1051 4607; x_wconf 86' lang='lat' dir='ltr'>tu</span> <span class='ocrx_word' id='word_1_424' title='bbox 1080 4562 1201 4607; x_wconf 88' lang='lat' dir='ltr'>non</span> <span class='ocrx_word' id='word_1_425' title='bbox 1230 4545 1400 4608; x_wconf 85' lang='lat' dir='ltr'>uxori</span> <span class='ocrx_word' id='word_1_426' title='bbox 1434 4542 1736 4627; x_wconf 72' lang='lat' dir='ltr'>imperasti</span> <span class='ocrx_word' id='word_1_427' title='bbox 1763 4557 1834 4605; x_wconf 89' lang='lat' dir='ltr'>ut</span> <span class='ocrx_word' id='word_1_428' title='bbox 1873 4542 2142 4607; x_wconf 71' lang='lat' dir='ltr'>diceret?</span> <span class='ocrx_word' id='word_1_429' title='bbox 2227 4544 2426 4608; x_wconf 73' lang='lat' dir='ltr'>Bnnr.</span> <span class='ocrx_word' id='word_1_430' title='bbox 2467 4544 2606 4615; x_wconf 72' lang='lat' dir='ltr'>Noa</span> 
     </span>
    </p>
   </div>
  </div>
 </body>
</html>
