3059 5059
413 381 447 439 s
1141 329 1965 440 ARISTOPHANss
2373 381 2725 460 [415—475

407 511 629 573 veteris
653 510 916 579 sabuloez
957 529 1096 572 uam
1146 529 1239 586 me
1283 516 1519 592 oportet
1574 511 1823 572 recitare
1870 508 2072 570 Choro
2103 508 2345 590 longam
2374 511 2723 582 orationem,

403 619 544 684 quae
585 603 828 684 quidem
872 603 1116 665 mortem
1167 601 1312 664 mihi
1339 603 1555 676 adfert,
1587 603 1637 664 si
1678 602 1885 664 dixero
1912 601 2089 663 male.
2173 603 2342 664 Eun.
2386 601 2543 663 Nam
2568 621 2727 682 quos

356 709 366 719 ‘
404 698 510 759 tibi
537 696 675 758 dem
701 696 976 779 pannos?
1019 715 1162 758 num
1198 694 1358 769 illos,
1407 696 1466 756 in
1514 696 1731 775 quibus
1780 696 2009 756 OEneus
2060 697 2173 756 iste
2224 697 2493 767 certavit,
2520 695 2725 756 infelix

407 791 639 852 senex?
721 791 878 851 Dic.
919 789 1064 850 Non
1111 788 1288 848 OEnei
1327 799 1519 861 erant,
1566 789 1677 849 sed
1712 787 1913 848 adhue
1941 788 2285 849 miser-ioris.
2366 789 2543 849 Eua..
2585 788 2725 849 Viu‘

413 883 574 945 coeci
604 882 1168 964 pannosPhoenicis.
1240 881 1390 943 Drc.
1435 881 1573 941 Non
1604 881 1929 954 Phoenicis,
1958 900 2076 942 non
2110 882 2375 961 inquam.
2418 881 2541 942 Sed
2570 879 2723 942 alius

404 977 540 1057 quis
567 987 697 1037 erat
722 975 1006 1035 Phoenice
1037 975 1326 1036 miserior.
1399 976 1572 1035 Eun.
1617 976 1927 1044 Quasnam
1954 973 2133 1035 homo
2162 975 2275 1034 iste
2292 974 2537 1036 tandem
2562 973 2729 1035 lace·

403 1087 506 1130 ras
531 1070 682 1151 petit
706 1067 953 1131 vestes?
992 1080 1136 1128 num
1185 1066 1322 1128 illas
1367 1067 1629 1128 mendici
1657 1067 2015 1128 Philoctetoe
2064 1067 2266 1128 dicis?
2348 1067 2501 1130 Drc.
2544 1068 2725 1128 Nont

403 1161 516 1222 sed
565 1161 754 1222 multo
809 1161 1002 1241 magis
1051 1159 1430 1222 mendicioris
1481 1160 1621 1220 isto.
1704 1160 1877 1221 Eun.
1920 1159 2225 1240 Numquid
2270 1160 2581 1222 sordidum
2630 1162 2723 1222 vis

405 1253 710 1327 amictum,
766 1273 946 1335 quem
997 1252 1211 1315 habuit
1251 1252 1507 1314 claudus
1558 1252 2055 1333 Bellerophontes
2112 1251 2259 1314 ille?
2364 1251 2519 1314 Drc.
2578 1253 2719 1316 Non

405 1347 920 1429 Bellerophontes,
960 1345 1067 1408 sed
1095 1356 1158 1407 et
1182 1344 1282 1406 ille
1323 1345 1565 1426 quidem
1594 1356 1721 1406 erat
1748 1344 2024 1418 claudus,
2063 1346 2397 1418 mendicus,
2426 1345 2725 1426 garrulus,

401 1440 684 1504 disertus.
787 1439 964 1500 Eua.
1026 1439 1182 1498 Novi
1219 1438 1563 1499 hominem:
1624 1437 1951 1518 Telephum
1998 1438 2241 1518 Mysum
2296 1437 2471 1499 dicis.
2571 1438 2725 1500 Dic.

401 1531 728 1614 Telephum
773 1531 1058 1612 inquam:
1099 1531 1278 1610 hujus
1320 1529 1404 1590 da
1446 1529 1619 1603 mihi,
1664 1532 1939 1605 obsecro,
1992 1530 2313 1594 velamina.
2396 1531 2567 1593 Eun.
2609 1533 2725 1606 Tu,

400 1645 569 1706 puer,
601 1623 680 1684 da
707 1624 762 1685 ei
808 1623 1040 1686 laceras
1097 1633 1298 1683 vestes
1345 1622 1637 1703 Telephi:
1670 1623 1879 1702 jacent
1916 1633 2115 1684 autem
2164 1643 2345 1705 supra
2370 1623 2724 1706 Thyesteas,

401 1717 618 1778 medioe
663 1717 818 1776 inter
875 1716 1020 1775 Inus
1085 1735 1346 1794 pannosi
1429 1717 1645 1778 Cern-
1710 1715 1805 1775 En
1846 1716 2070 1796 accipe.
2156 1715 2311 1778 Dte.
2358 1717 2413 1776 Ο
2470 1717 2725 1798 Jupiter,

401 1811 506 1890 qui
555 1811 755 1870 omnia
797 1807 1088 1890 perspicis
1137 1821 1202 1868 et
1255 1807 1607 1888 specularis,
1656 1807 1857 1868 adnue
1913 1819 1983 1869 ut
2030 1807 2421 1871 miserrimum
2472 1829 2725 1872 exorner

401 1903 464 1962 in
507 1901 770 1964 modum.
853 1901 1154 1982 Euripide,
1195 1899 1687 1980 quandoquidem
1734 1903 1854 1962 ista
1894 1899 2199 1962 indulsisti
2240 1901 2409 1976 mihi,
2450 1901 2533 1963 da
2581 1904 2726 1964 mihi

399 2003 466 2056 et
507 1995 647 2069 alia,
690 2015 828 2076 ques
882 1993 962 2054 ad
1009 2013 1244 2075 pannos
1293 1992 1476 2054 hosce
1521 1993 1843 2074 pertinent,
1892 1993 2159 2076 Mysium
2202 1994 2383 2077 capiti
2416 1995 2723 2077 pileolum.

397 2086 642 2169 Quippe
682 2096 922 2167 oportet
965 2086 1303 2148 mendicum
1343 2105 1439 2146 me
1491 2085 1855 2147 adsimulare
1883 2086 2084 2160 hodie,
2129 2105 2266 2148 esse
2316 2087 2581 2167 quidem,
2619 2090 2725 2170 qui

399 2199 556 2255 sum,
583 2181 691 2241 sed
733 2200 868 2243 eum
917 2199 1038 2242 non
1079 2179 1308 2249 videri·
1351 2189 1719 2261 spectatores
1763 2179 2003 2259 quidem
2052 2180 2205 2242 scire
2250 2201 2367 2252 me,
2416 2181 2519 2261 qui
2552 2182 2721 2264 siem,

397 2273 644 2334 eborum
688 2283 888 2336 autem
931 2272 1216 2340 stolidum
1263 2271 1527 2344 adstare,
1566 2283 1637 2334 ut
1682 2293 1816 2334 eum
1857 2273 2123 2334 verbulis
2169 2273 2461 2334 ludificet.
2548 2259 2717 2336 Eun.

403 2367 620 2432 Dabo·
659 2385 795 2426 nam
825 2365 1105 2446 prudenti
1135 2365 1330 2426 auimo
1360 2365 1605 2427 subtilia
1634 2366 2015 2428 machinaris.
2101 2367 2255 2428 Dxc.
2303 2365 2402 2426 Dii
2432 2366 2551 2434 tibi
2568 2368 2721 2430 bene

399 2459 662 2527 saciant:
704 2459 970 2540 Telepho
999 2469 1222 2534 autem,
1247 2469 1316 2519 ut
1343 2479 1457 2539 ego
1483 2459 1683 2539 cupio.
1769 2460 1937 2541 Euge
1968 2465 1983 2520 l
2024 2471 2092 2520 ut
2124 2458 2253 2540 jam
2294 2460 2509 2540 plenus
2540 2481 2723 2543 voca-7

398 2555 588 2615 larum
613 2553 730 2613 fio!
773 2552 880 2613 sed
921 2572 1072 2634 opus
1101 2562 1196 2613 est
1235 2552 1380 2612 mihi
1407 2551 1587 2612 etiam
1626 2551 1869 2625 baculo,
1911 2553 2149 2633 qualem
2192 2553 2453 2614 mendici
2482 2565 2721 2634 gerunt.

401 2647 576 2708 Eun.
615 2646 782 2727 Cape
809 2645 992 2719 hunc,
1020 2657 1082 2706 et
1108 2645 1366 2706 abscede
1395 2664 1432 2705 a
1456 2644 1711 2726 lapideis
1740 2646 2035 2726 postibus.
2102 2647 2252 2707 D1c.
2288 2646 2497 2720 Vides,
2526 2649 2721 2710 anime

402 2739 506 2814 mi,
553 2749 622 2800 ut
668 2738 920 2819 repellar
962 2739 1038 2799 ab
1083 2738 1340 2812 nedibus,
1389 2739 1535 2800 licet
1578 2738 1777 2800 adhuc
1821 2739 1963 2799 mihi
1996 2742 2182 2802 multa
2230 2740 2601 2820 supellectile
2644 2741 2723 2802 sit

401 2851 592 2912 opus:
665 2850 828 2891 nunc
876 2831 1054 2911 igitur
1117 2832 1214 2892 fac
1287 2831 1474 2892 instes
1556 2832 1770 2892 obnixe
1828 2831 2115 2911 petendu,
2184 2831 2607 2906 mendicando,
2660 2845 2723 2894 et

403 2921 754 3005 flagitandm
807 2987 810 2992 ,
883 2918 1188 3004 Euripide,
1271 2923 1352 2984 da
1425 2924 1573 2985 mihi
1648 2925 1993 3006 sportellam
2086 2924 2337 2989 lucerna
2394 2931 2721 3005 p'erustam.

403 3019 577 3079 Eun.
647 3017 808 3087 Quid
861 3017 989 3088 tibi,
1053 3035 1092 3077 o
1161 3016 1362 3092 miser,
1405 3037 1555 3078 usus
1620 3029 1715 3078 est
1782 3035 1964 3099 opere
2024 3016 2129 3080 illo
2188 3016 2465 3097 plectili?
2568 3019 2725 3079 Drc.

405 3111 567 3172 Usus
609 3109 854 3190 quidem
907 3108 1146 3170 nullus:
1201 3109 1262 3169 id
1307 3119 1506 3170 tamen
1558 3110 1871 3171 adsumere
1914 3109 2075 3172 volo.
2161 3110 2331 3170 Eun.
2394 3111 2721 3171 Molestum

401 3221 536 3265 esse
565 3211 624 3264 te
653 3201 794 3262 mihi
837 3201 1018 3272 scias,
1067 3211 1130 3261 et
1175 3201 1253 3262 ab
1293 3201 1524 3263 oedibus
1566 3201 1831 3262 discede.
1918 3201 2073 3262 Drc.
2118 3201 2325 3261 Eheu!
2369 3201 2471 3261 Dii
2498 3213 2557 3262 te
2586 3221 2723 3282 per-

401 3296 566 3371 inde,
619 3305 690 3356 ut
729 3303 978 3356 matrem
1022 3281 1186 3358 tuam
1237 3294 1398 3367 olim,
1443 3294 1759 3356 felicitent!
1848 3293 2022 3357 Eun.
2086 3293 2347 3354 Facesse
2395 3292 2535 3354 hinc
2571 3294 2721 3374 jam.

404 3390 560 3453 Dic
601 3388 908 3460 Nondum,
937 3389 1222 3449 obsecro:
1253 3385 1362 3448 sed
1391 3407 1577 3448 unum
1598 3386 1781 3448 modo
1804 3385 1884 3448 da
1910 3387 2055 3448 mihi
2076 3375 2421 3460 caliculum,
2440 3387 2725 3468 proefrac

405 3493 533 3544 tum
561 3481 660 3541 cui
686 3480 916 3541 labrum
943 3481 1076 3540 siet.
1159 3481 1330 3542 Eun.
1374 3482 1598 3560 Accipe
1628 3481 1747 3542 ista
1772 3491 1836 3542 et
1857 3482 2045 3542 auser.
2130 3479 2299 3540 Scias
2331 3492 2473 3540 vero
2502 3490 2561 3544 te
2592 3499 2723 3542 mo-

402 3575 624 3636 lestum
651 3591 786 3633 esse
813 3571 1068 3634 oedibus.
1153 3574 1307 3634 Dic.
1352 3571 1639 3636 Nondum
1670 3574 1789 3637 scis
1820 3573 2042 3646 hercle,
2070 3573 2315 3654 quantis
2342 3592 2439 3634 me
2466 3573 2725 3634 afflictas

401 3668 598 3730 malis.
683 3667 787 3741 At,
841 3685 879 3728 o
925 3665 1276 3728 suavissime
1319 3651 1623 3746 Euripide,
1678 3667 1795 3729 hoc
1852 3678 2083 3728 tantuin
2136 3664 2217 3728 da
2256 3665 2420 3739 mihi,
2476 3665 2725 3728 ollulam

401 3761 655 3842 spongia
673 3761 1031 3822 obturatam.
1099 3759 1267 3820 Eun..
1295 3759 1388 3820 Tu
1403 3759 1608 3834 homo,
1636 3760 1864 3822 adimes
1896 3760 2037 3822 mihi
2064 3777 2299 3820 omnem
2328 3757 2719 3839 tragoediam.

398 3875 550 3936 cape
575 3854 734 3916 hanc
765 3863 826 3914 et
867 3855 990 3916 abi.
1076 3853 1224 3913 Dxc.
1269 3852 1460 3914 Abeo.
1532 3852 1657 3914 Sed
1694 3855 1841 3934 quid
1864 3853 2095 3935 agam?
2138 3853 2375 3914 Etenim
2404 3873 2589 3912 unum
2627 3861 2725 3912 est

401 3948 622 4022 adhuc,
648 3965 770 4027 quo
797 3945 1061 4027 indigeo,
1091 3945 1254 4027 quod
1289 3945 1405 4006 nisi
1437 3956 1651 4007 nactus
1680 3947 1873 4022 fuet-0,
1890 3948 2063 4029 perii.
2105 3947 2287 4020 Audi,
2314 3965 2351 4007 o
2380 3944 2721 4008 dulcissime
2760 3965 2773 3976 ·

399 4039 718 4120 Euripide:
759 4039 930 4100 istoec
987 4039 1038 4100 si
1094 4038 1404 4120 accipiam,
1459 4040 1659 4113 abibo,
1700 4051 1765 4102 et
1814 4060 1937 4101 non
1986 4039 2271 4102 accedam
2318 4036 2615 4120 amplius:
2656 4038 2721 4098 in

399 4131 744 4214 sportellam
775 4131 858 4192 da
887 4131 1028 4192 mihi
1079 4133 1286 4194 tenuia
1311 4131 1539 4192 olerum
1584 4133 1749 4194 solia.
1838 4135 2007 4196 Eun.
2046 4132 2275 4194 Perdes
2306 4151 2443 4192 met
2484 4150 2561 4191 en
2590 4129 2723 4192 tibi.

401 4226 472 4288 In
519 4225 768 4288 nihilum
827 4225 1088 4286 redactas
1145 4234 1288 4286 sunt
1341 4225 1567 4286 fabuloe
1618 4247 1793 4289 meoe.
1884 4227 2035 4290 Drc.
2094 4227 2217 4288 Sed
2276 4223 2421 4286 nihil
2460 4221 2721 4302 amplius

397 4326 632 4399 petam3
677 4337 879 4380 verum
937 4318 1154 4378 abibo:
1211 4317 1434 4381 etenim
1491 4319 1785 4380 molestus
1844 4337 1976 4382 sum
2028 4319 2221 4392 nimis,
2266 4337 2389 4378 non
2432 4327 2723 4395 reputans

399 4411 674 4476 odiosum
691 4429 786 4470 me
805 4409 928 4474 fieri
945 4409 1210 4490 regibus.
1257 4411 1378 4474 Hei
1395 4411 1539 4474 mihi
1562 4414 1782 4474 misero
1807 4419 1822 4473 !
1852 4427 1919 4475 ut
1936 4412 2083 4496 perii
2104 4417 2119 4472 l
2146 4411 2371 4473 oblitus
2390 4409 2455 4472 id
2476 4428 2631 4482 sum,
2658 4408 2720 4472 in

399 4521 522 4582 quo
549 4521 644 4570 res
669 4523 878 4570 omues
903 4523 1054 4570 mese
1081 4503 1214 4568 sitae
1245 4513 1406 4570 sunt.
1491 4505 1869 4588 Euripidisce
1896 4505 2258 4579 dulcissime,
2308 4524 2347 4569 ο
2392 4502 2725 4576 carissime,
