3059 5059
310 391 739 468 1215-1274]
1380 385 1425 446 P
1444 387 1498 446 A
1522 387 1598 447 x.
1791 433 1796 440 .
2495 399 2608 458 115

297 519 535 584 duabus
556 519 805 582 cristis?
888 521 1089 582 Cius.-
1106 519 1197 580 Tu
1226 517 1353 598 ipse
1382 517 1527 600 quid
1569 516 1726 606 das?
1794 519 2012 581 Tarte.
2041 521 2202 591 Quid
2228 523 2362 586 dem
2392 527 2608 606 rogas?

296 613 485 692 pudet
513 613 735 677 dicere.
816 613 1039 674 Tamen
1069 611 1211 693 quia
1238 611 1426 672 multo
1449 611 1982 690 labore'implicitae
2009 624 2070 674 et
2099 615 2402 678 adstrictae
2444 632 2606 693 sunt,

290 707 469 770 facile
510 727 621 790 pro
664 707 737 768 iis
780 707 985 768 darem
1026 717 1147 767 tres
1189 706 1517 767 caricarum
1561 704 1880 780 choenices,
1908 726 2173 770 mensam
2202 721 2270 770 ut
2298 710 2603 792 detergam

292 801 501 864 hacce.
584 800 773 863 Care.
828 801 941 862 Fer
986 798 1166 880 igitur
1222 800 1382 860 intus
1426 798 1544 860 hnc
1588 799 1856 860 caricas:
1911 800 2130 882 quippe
2174 801 2362 864 satius
2407 815 2522 878 est,
2566 826 2603 866 o

292 894 471 964 bone,
501 912 681 974 quam
712 893 860 954 nihil
888 893 1179 974 accipere.
1264 890 1481 952 Taro.
1510 891 1717 964 Auser,
1747 893 1916 954 auser
1955 912 2058 954 eas
2099 895 2237 955 hinc
2279 897 2340 958 in
2383 898 2601 962 malam

291 1007 413 1048 rem
434 1007 454 1048 τ
513 987 619 1068 pili
642 987 732 1052 eis
760 986 1051 1060 defluunt,
1078 984 1243 1046 nihili
1262 997 1423 1046 sunt.
1508 985 1740 1046 Cristae
1769 985 1880 1046 has
1909 1005 2028 1046 non
2057 1007 2332 1060 emerem,
2365 1011 2440 1052 ne
2484 1013 2604 1054 una

286 1079 531 1160 quidem
556 1081 775 1142 carica.
863 1081 1015 1141 Lon..
1048 1079 1184 1140 Hac
1206 1091 1405 1140 autem
1434 1079 1624 1140 lorica
1652 1077 1860 1140 decem
1888 1080 2058 1140 minis
2087 1083 2404 1156 aestimata,
2433 1105 2596 1146 com·

291 1173 481 1234 missa
498 1174 689 1246 fabre,
705 1173 849 1254 quid
871 1173 1085 1234 faciam
1106 1171 1331 1233 miser?
1414 1171 1631 1235 Tuae.
1653 1172 1806 1232 Haee
1833 1172 2073 1254 quidem
2097 1195 2472 1256 nequaquam
2497 1179 2604 1244 tibi

289 1263 517 1326 damno
544 1267 695 1331 erit:
739 1266 847 1328 sed
871 1266 952 1327 da
982 1284 1112 1326 eam
1143 1265 1285 1326 mibi
1314 1264 1527 1326 eodem
1556 1267 1767 1344 pretio,
1797 1286 1918 1344 quo
1961 1268 2065 1328 tibi
2106 1270 2410 1332 constitit:
2460 1291 2600 1332 nam

288 1359 365 1420 ad
390 1358 455 1419 id
473 1369 619 1440 apta
644 1369 759 1432 est,
784 1370 855 1425 ut
873 1359 1009 1439 quis
1034 1359 1093 1418 in
1118 1377 1249 1419 eam
1278 1372 1562 1419 exoneret
1591 1359 1872 1419 alvum—
1916 1360 2072 1422 Lon.
2095 1361 2317 1424 Desine
2343 1366 2604 1426 convici-

284 1473 453 1516 orum
480 1453 543 1513 in
568 1473 663 1514 me
692 1462 754 1514 et
780 1473 1006 1514 merces
1030 1471 1217 1514 meas.
1276 1451 1497 1514 Tam.
1532 1451 1666 1512 Hoc
1695 1452 1877 1512 modo
1895 1453 2188 1533 adpositis
2215 1458 2402 1518 tribus
2428 1457 2602 1539 lapil-

284 1547 377 1608 lis.
468 1547 690 1608 Annon
718 1545 1076 1608 commode?
1162 1545 1317 1608 Lon.
1358 1545 1498 1614 Qua
1542 1564 1681 1606 vero
1729 1555 1900 1625 parte
1943 1559 2142 1627 terges
2184 1559 2375 1624 nates,
2421 1549 2602 1614 homo

286 1639 711 1720 ineptissime?
758 1639 978 1702 Taso.
1008 1638 1165 1712 Hac,
1196 1639 1459 1700 immissa
1485 1657 1663 1700 manu
1695 1657 1802 1720 per
1829 1639 2120 1713 foramen,
2149 1661 2270 1721 quo
2296 1641 2600 1705 brachium

287 1732 605 1806 exseritur,
632 1744 695 1794 et
722 1731 941 1794 illac—
1026 1731 1183 1792 Lon.
1215 1732 1375 1811 Ergo
1404 1743 1655 1812 utraque
1684 1752 1859 1810 manu
1884 1731 1910 1790 2
1993 1733 2215 1794 Tum.
2249 1733 2341 1794 lta
2381 1735 2600 1810 hercle,

288 1843 363 1888 ne
383 1826 613 1888 furtum
628 1826 843 1888 fecisse
865 1824 1274 1906 deprehendar
1303 1823 1640 1886 obturando
1683 1825 1850 1886 navis
1892 1827 2198 1889 foramine.
2286 1828 2444 1891 [οι.
2491 1831 2600 1890 Er-

288 1939 451 1999 gone
480 1938 663 1999 super
690 1939 833 1981 vase
856 1919 1065 1980 decem
1095 1919 1383 1978 minarum
1415 1918 1633 1979 sedens
1670 1919 1950 1980 cacabis?
2032 1919 2250 1982 Tuo.
2307 1923 2598 2002 Equidem

286 2012 835 2093 hercle,operdite.
919 2014 1095 2074 Anne
1138 2031 1275 2072 vero
1321 2023 1499 2092 putas
1538 2031 1632 2072 me
1673 2011 1950 2091 podicem
1987 2033 2182 2074 meum
2223 2015 2596 2078 venditurum

288 2107 379 2166 vel
410 2106 577 2168 mille
606 2105 953 2168 drachmis?
1036 2105 1190 2168 Lon.
1222 2104 1495 2186 Agedum
1521 2103 1664 2166 effer
1690 2119 2026 2186 argentum.
2108 2109 2328 2172 Tam.
2375 2111 2520 2184 Sed,
2561 2131 2598 2172 o

286 2200 467 2272 bone,
493 2199 769 2281 podicem
822 2198 964 2260 mibi
1020 2199 1237 2280 premit
1282 2209 1385 2260 tua
1441 2197 1664 2267 lorica;
1715 2200 1902 2272 aufer,
1959 2219 2080 2260 non
2135 2221 2348 2264 emam.
2433 2205 2597 2266 Tua.

286 2293 447 2363 Quid
482 2311 619 2354 vero
648 2312 763 2372 ego
788 2291 1027 2354 tandem
1058 2293 1172 2352 hac
1201 2293 1347 2354 tuba
1391 2291 1630 2365 faciam,
1681 2312 1859 2373 quarn
1915 2294 2030 2356 emi
2087 2293 2228 2356 olim
2287 2299 2600 2377 sexaginta

286 2385 638 2450 drachmis?
720 2387 937 2458 Tarte.
964 2385 1277 2448 Plumbum
1307 2387 1355 2446 si
1391 2385 1674 2448 infundas
1712 2387 1774 2445 in
1817 2386 1976 2448 hanc
2009 2389 2346 2462 cavitatem,
2377 2389 2596 2454 deinde

286 2483 335 2542 si
364 2499 627 2563 superne
673 2479 899 2560 virgam
947 2479 1163 2561 infigas
1198 2479 1657 2560 longiusculam,
1705 2480 1809 2541 fiet
1853 2479 1960 2542 tibi
2004 2481 2251 2562 pensilis
2295 2486 2598 2546 cottabus.

284 2575 447 2636 Tun.
478 2575 593 2634 Hei
618 2573 763 2634 mihi
786 2579 803 2632 l
828 2573 1065 2634 derides
1088 2593 1205 2636 me.
1246 2575 1465 2635 Tam.
1490 2573 1611 2634 Sed
1643 2573 1806 2636 aliud
1834 2567 2149 2637 consilium
2172 2577 2353 2640 dabo.
2390 2578 2597 2640 Plum-

283 2671 423 2733 bum
452 2667 727 2748 quidem,
756 2676 823 2729 ut
842 2667 987 2740 dixi,
1012 2665 1299 2728 infunde:
1350 2687 1425 2728 ex
1449 2665 1568 2727 'hac
1599 2678 1794 2730 autem
1819 2679 1986 2749 parte
2017 2669 2296 2730 funiculis
2342 2691 2596 2752 snspen-

285 2781 409 2824 sam
438 2762 677 2823 lancem
701 2758 880 2835 adde,
908 2773 971 2821 et
1006 2760 1185 2840 plane
1235 2760 1341 2822 tibi
1388 2760 1494 2820 fiet
1539 2759 1712 2834 illud,
1744 2780 1865 2840 quo
1898 2762 2090 2842 possis
2133 2763 2283 2824 ficus
2331 2763 2394 2823 in
2451 2785 2594 2846 agro

284 2856 471 2920 servis
498 2856 618 2918 tuis
646 2854 1013 2935 appendere.
1096 2854 1265 2914 Gar..
1299 2853 1461 2914 Fan.
1494 2853 1550 2912 Ο
1583 2852 1899 2933 implacate
1928 2853 2190 2928 daemon,
2219 2867 2288 2916 ut
2323 2877 2416 2918 me
2458 2878 2593 2938 per-

284 2950 514 3025 didisti,
542 2948 791 3030 quando
812 2967 919 3027 pro
945 2948 1037 3008 his
1066 2947 1255 3024 galeis
1282 2948 1503 3007 minam
1533 2945 1673 3006 olim
1699 2945 1873 3006 dedi!
1923 2957 1986 3006 et
2013 2947 2154 3026 quid
2174 2948 2305 3028 jam
2333 2951 2545 3012 faciam
2564 2951 2593 3010 ’ἰ

282 3045 415 3124 quis
444 3042 609 3105 enim
628 3061 736 3104 eas
760 3041 959 3102 emet?
1040 3041 1259 3100 Ture.
1296 3039 1413 3099 Abi
1442 3049 1502 3098 et
1528 3037 1723 3100 vende
1754 3058 1857 3098 eas
1887 3038 2208 3120 AEgyptiis,
2249 3053 2390 3102 sunt
2417 3045 2590 3106 enim

284 3148 439 3218 apte
468 3135 553 3196 ad
582 3133 941 3196 metiendam
972 3151 1305 3214 syrmoeam.
1392 3133 1597 3194 Has-r.
1628 3131 1742 3192 Hei
1775 3131 1954 3192 mihi!
2003 3152 2041 3193 o
2069 3123 2378 3212 galearum
2405 3137 2590 3211 faber,

280 3249 465 3310 quam
492 3229 711 3290 misera
728 3237 823 3289 est
850 3235 1057 3288 nostra
1076 3223 1375 3286 conditio!
1456 3225 1675 3286 Tam.
1726 3224 1880 3286 Huic
1922 3224 2166 3305 quidem
2207 3227 2352 3288 nihil
2395 3232 2594 3291 evenit

281 3323 445 3390 mali.
532 3322 703 3383 Gar..
735 3321 895 3384 Fan.
918 3318 1040 3381 Sed
1069 3319 1329 3399 quidest
1350 3317 1571 3393 adhuc,
1613 3317 1689 3379 ad
1735 3317 1898 3398 quod
1941 3320 2129 3399 galeis
2182 3332 2379 3384 utatur
2425 3322 2590 3402 quis·

278 3418 437 3498 piam
458 3415 487 3475 ’ἕ
568 3415 788 3476 Tam.
819 3415 883 3478 Si
909 3412 1252 3496 hujusmodi
1284 3431 1465 3474 ansas
1494 3411 1690 3474 discat
1715 3412 1850 3493 quis
1898 3412 2115 3487 facere,
2166 3415 2354 3475 multo
2398 3415 2588 3499 pluris

278 3527 383 3572 eas
410 3507 659 3582 vendet,
676 3527 855 3587 quam
893 3527 1077 3568 nunc.
1164 3505 1335 3568 GM..
1386 3507 1543 3567 Fan.
1583 3507 1910 3578 Abeamus,
1960 3525 1997 3568 o
2044 3507 2352 3584 hastarum
2399 3509 2589 3571 faber.

278 3601 503 3665 Τιῑο.
529 3601 965 3682 Nequaquam
1024 3600 1166 3680 quia
1206 3602 1281 3661 ab
1320 3600 1439 3662 hoc
1480 3619 1595 3680 ego
1637 3599 1844 3660 hastas
1888 3599 2036 3659 istas
2080 3619 2292 3662 emam.
2379 3602 2586 3667 Hasr.

280 3695 595 3767 Quantum
627 3714 771 3775 ergo
800 3693 955 3754 das?
994 3694 1212 3756 Taxo.
1242 3694 1307 3756 Si
1337 3693 1604 3754 bifariam
1627 3692 2019 3754 diffindantur
2049 3695 2328 3776 singulae,
2355 3717 2587 3758 sumam

278 3811 385 3856 eas
412 3809 527 3872 pro
554 3789 777 3862 ridicis,
834 3799 1119 3852 centenas
1176 3787 1482 3850 drachma.
1569 3788 1774 3849 Has-r.
1832 3788 2212 3850 Contumelia
2267 3789 2398 3851 haec
2452 3802 2584 3852 est:

278 3883 669 3954 discedamus
694 3883 853 3958 hinc,
883 3902 920 3945 o
940 3883 1120 3944 bone.
1205 3882 1422 3960 Taso.
1453 3883 1546 3942 lta
1566 3880 1804 3942 hercle:
1862 3900 2002 3942 nam
2031 3883 2192 3961 pueri
2211 3884 2336 3964 jam
2365 3895 2588 3946 exeunt

272 3977 829 4050 hncinvitatorum,
870 3975 1127 4050 micturi,
1162 3985 1233 4036 ut
1274 3997 1411 4058 quae
1450 3973 1748 4036 cantaturi
1796 3987 1937 4035 sunt
1982 3977 2483 4064 proemeditentur,
2527 3980 2588 4040 ni

278 4071 480 4136 fallor.
564 4070 711 4145 Sed,
738 4089 779 4134 o
805 4089 975 4151 puer,
1000 4072 1052 4138 si
1082 4069 1227 4152 quid
1256 4080 1499 4132 cantare
1518 4069 1776 4150 cogitas,
1805 4068 1900 4128 hic
1928 4079 2168 4151 propter
2195 4092 2294 4138 me
2336 4073 2584 4136 adstans

278 4166 441 4246 prius
483 4163 836 4248 proludium
873 4175 1093 4228 cantus
1140 4164 1291 4224 face.
1378 4163 1568 4226 Puau
1617 4164 1666 4226 1.
1718 4163 1897 4224 Nunc
1943 4182 2146 4226 rursus
2199 4188 2236 4228 a
2285 4167 2583 4230 bellicosis

278 4261 415 4324 siris
443 4258 903 4332 exordiamur—
985 4259 1202 4320 Ture.
1234 4256 1459 4324 Desine
1486 4256 1810 4323 bellicosos
1849 4267 2114 4332 cantare,
2157 4262 2502 4342 praesertim,
2545 4281 2582 4322 0

278 4354 703 4434 perditissime,
729 4353 889 4428 facta
908 4352 1035 4434 jam
1062 4372 1234 4435 pace.
1320 4352 1483 4416 Male
1513 4351 1728 4414 doctus
1771 4369 1840 4412 es
1881 4362 1943 4412 et
1981 4354 2350 4418 execrabilis.
2393 4354 2584 4415 Puta

286 4448 334 4511 l.
366 4449 465 4511 Illi
495 4459 704 4516 autem
726 4467 909 4527 quum
922 4448 1051 4530 jam
1080 4465 1267 4535 prope
1288 4460 1489 4514 essent
1516 4453 1936 4511 concurrentes
1965 4445 2118 4509 inter
2139 4468 2292 4524 sese,
2315 4460 2487 4510 scuta
2525 4458 2586 4509 et
