3059 5059
299 377 731 459 uss-1533]
1281 379 1335 439 ιι
1356 381 1409 438 A
1430 379 1485 438 N
1508 380 1596 440 ιιι.
2485 377 2604 437 233

286 510 399 569 erit
414 508 711 590 judicium
740 520 1020 571 vestrum.
1108 509 1340 590 Eligam
1368 509 1523 571 enim
1550 528 1684 569 eum
1713 528 1890 588 quem
1919 509 2083 591 cupit
2129 510 2361 571 animus
2409 528 2600 569 meus.

290 601 462 665 Εσιι.
506 605 741 667 Memor
768 605 970 685 itaque
997 602 1264 678 deorum,
1290 623 1394 689 per
1414 622 1568 699 quos
1600 601 1964 663 abducturus
1987 623 2078 664 me
2095 602 2308 683 jurasti
2339 601 2602 673 domum,

284 695 443 777 elige
466 698 691 759 amicos
715 710 875 759 tuos.
957 696 1209 759 BAccn.
1234 681 1799 777 Linguajuranit:
1827 695 2172 776 AEschylum
2195 716 2334 755 vero
2359 694 2599 775 eligam.

288 788 463 851 Ευιι.
506 791 670 861 Quid
699 790 913 861 fecisti,
935 789 1327 871 impurissime
1356 790 1662 849 bominum
1689 789 1714 847 2
1797 789 2048 849 Bacca.
2091 788 2337 868 Egone.
2317 787 2342 829 7
2424 786 2599 846 Judi-

284 884 415 943 cavi
432 884 651 945 vicisse
676 882 1042 965 AEscbylum.
1086 882 1243 941 Nam
1265 881 1521 963 quidni?
1577 882 1750 943 Eun.
1793 881 2085 943 Adhucne
2113 901 2208 943 me
2237 880 2551 961 adspicis,
2535 900 2597 940 ιιι

284 995 465 1055 quem
492 976 903 1059 turpissimum
932 974 1226 1035 admisisti
1253 974 1592 1056 flagitium?
1675 974 1928 1036 Bacca.
1952 973 2114 1043 Quid
2136 983 2326 1055 turpe,
2353 972 2403 1033 si
2432 992 2602 1055 spec·

290 1070 587 1131 tatoribus
646 1089 765 1131 non
824 1069 909 1128 ita
956 1067 1230 1129 videtur?
1312 1068 1481 1129 Eun.
1526 1068 1823 1149 Improbe,
1865 1066 2183 1149 patierisne
2229 1076 2298 1127 ut
2334 1076 2602 1127 mortuus

288 1162 617 1229 maneam?
686 1164 937 1224 Bucen.
967 1161 1119 1231 Quis
1150 1160 1265 1222 scit
1289 1181 1364 1222 an
1394 1164 1580 1223 viem
1609 1161 1690 1221 sit
1714 1163 1888 1235 mor-i,
1914 1162 2149 1242 spirare
2171 1180 2311 1221 vero
2333 1179 2560 1223 coenare
2577 1180 2602 1227 ,-

284 1265 347 1316 et
373 1255 659 1328 dormire,
686 1256 917 1317 vellus?
997 1255 1205 1317 Pur-r.
1250 1254 1405 1314 Itote
1432 1273 1578 1335 ergo
1605 1254 1783 1328 intr0,
1816 1253 2074 1339 Bacche.
2122 1252 2378 1317 Bacca.
2404 1254 2604 1323 Quam

288 1350 367 1409 ob
387 1369 518 1411 rem
541 1348 567 1409 ’ἒ
624 1350 829 1411 Pmrr.
872 1350 955 1411 Ut
980 1348 1265 1428 hospitali
1294 1346 1473 1429 epulo
1502 1366 1609 1407 vos
1638 1346 1953 1427 excipiam,
1979 1348 2326 1429 priusquam
2351 1348 2602 1411 abeatis.

290 1442 553 1505 Bacca.
594 1444 782 1505 Recte
807 1442 1008 1504 hercle
1028 1453 1344 1504 autumasz
1402 1440 1534 1501 hoec
1565 1440 1721 1501 enim
1750 1460 1844 1501 res
1873 1439 2014 1501 mibi
2041 1442 2289 1503 molesta
2326 1461 2446 1503 non
2487 1450 2605 1503 est.

289 1536 505 1598 Onon.
550 1537 775 1597 Beatus
804 1535 891 1597 vir
912 1545 1027 1608 est,
1056 1536 1161 1615 qui
1189 1533 1509 1617 perfectam
1530 1534 1718 1601 habet
1757 1533 2150 1614 sapientiam:
2191 1534 2357 1615 quod
2398 1533 2604 1597 multis

290 1648 363 1689 ex
390 1630 760 1711 argumentis
783 1629 1015 1691 discere
1042 1638 1155 1689 est.
1242 1628 1477 1687 Etenim
1504 1627 1640 1701 iste,
1666 1627 1809 1709 quia
1837 1646 2045 1709 sapere
2091 1627 2258 1689 visus
2303 1639 2420 1701 est,
2470 1648 2601 1691 rur·

293 1742 397 1783 sus
422 1723 645 1783 redibit
674 1722 939 1796 domum,
994 1723 1153 1783 bono
1201 1720 1438 1794 civium,
1482 1731 1542 1781 et
1600 1722 1758 1781 bono
1816 1740 2057 1781 suorum
2102 1730 2490 1801 cognatorum
2539 1730 2604 1783 et

287 1816 636 1889 amicorum,
656 1815 800 1895 quia
825 1815 1141 1895 perspicax
1168 1823 1229 1875 et
1256 1812 1519 1895 prudens
1549 1824 1666 1875 est.
1746 1812 2070 1875 Pulchrum
2097 1813 2304 1894 itaque
2325 1823 2440 1887 est,
2473 1833 2600 1877 non

286 1910 521 1971 Socrati
546 1908 917 1971 adsidentem
941 1909 1183 1988 garrire,
1211 1906 1445 1987 abjecta
1475 1914 1602 1967 arte
1633 1906 1880 1979 musica,
1925 1907 2278 1986 omissisque
2319 1905 2414 1981 iis,
2460 1928 2598 1987 qum

286 2003 590 2084 praecipua
618 2012 761 2063 sunt
780 2002 921 2063 artis
948 2000 1215 2082 tragieae.
1301 1998 1686 2061 Sermonibus
1716 2009 1916 2063 autem
1935 1998 2157 2061 tetricis
2199 2010 2262 2061 et
2302 1998 2601 2063 subtilita-

288 2096 452 2160 tibus
476 2115 772 2177 nugarum
800 2094 1097 2157 immorari
1119 2093 1397 2168 otiosum,
1425 2092 1774 2175 desipientis
1803 2103 1898 2153 est
1923 2091 2206 2160 hominis.

366 2188 580 2251 Purr.
625 2186 921 2269 Agedum,
974 2186 1276 2267 AEschyle,
1328 2185 1507 2247 laetus
1562 2185 1682 2261 abi,
1731 2196 1794 2247 et
1849 2204 2020 2246 serva
2077 2186 2282 2247 urbem
2331 2194 2602 2271 nostram

282 2283 603 2365 praeceptis
630 2282 899 2355 utilibus,
928 2292 989 2341 et
1014 2281 1249 2361 castiga
1276 2280 1491 2340 stultos
1512 2299 1534 2339 ι
1562 2290 1704 2339 sunt
1728 2288 1928 2341 autem
1950 2278 2142 2341 multi.
2223 2280 2424 2360 Atque
2444 2279 2602 2345 istuc

286 2376 459 2438 trade
481 2375 861 2458 cleophonti‚
889 2386 951 2437 et
979 2375 1093 2435 hoc
1122 2374 1519 2455 quaestoribus
1556 2373 1696 2447 illis,
1753 2373 2043 2435 Murmeci
2093 2372 2268 2434 simul
2311 2385 2374 2435 et
2417 2373 2602 2435 Nico·

284 2469 501 2531 macho
522 2489 541 2539 3
563 2468 680 2531 boc
707 2479 901 2531 autem
921 2466 1293 2530 Archenomo
1316 2485 1333 2527 ι
1360 2475 1423 2527 et
1443 2466 1544 2527 dic
1565 2466 1710 2547 ipsis
1741 2477 1804 2527 ut
1821 2466 1940 2529 cito
1967 2466 2048 2527 ad
2076 2486 2169 2529 me
2189 2467 2312 2529 buc
2335 2465 2602 2539 veniant,

285 2574 441 2625 etue
470 2573 845 2625 cunctentur.
889 2560 969 2621 Ni
996 2578 1135 2621 vero
1162 2560 1281 2621 cito
1307 2560 1597 2632 venerint,
1619 2580 1756 2641 ego,
1776 2560 1862 2620 ita
1881 2578 1974 2621 me
1992 2569 2151 2620 amet
2178 2558 2416 2641 Apelle,
2445 2556 2600 2619 fodi-

286 2658 441 2719 cabo
460 2656 649 2737 ipsos,
673 2665 735 2715 et
748 2653 1167 2735 quadrupedes
1187 2652 1565 2725 constrictos,
1582 2672 1705 2715 una
1730 2673 1864 2714 cum
1892 2651 2604 2731 Adimanto-Leucolophi

284 2751 427 2823 filio,
472 2768 613 2811 mox
659 2748 777 2808 buc
820 2746 1149 2808 demittam.
1236 2748 1452 2807 AEscn.
1498 2744 1740 2807 Faciam
1788 2746 1962 2807 hec:
2021 2756 2086 2807 tu
2135 2756 2332 2807 autem
2385 2744 2600 2809 solium

284 2864 483 2905 meum
513 2842 596 2903 da
632 2839 913 2923 Sophocli
952 2838 1409 2909 custodiendum
1453 2849 1513 2898 et
1560 2838 1938 2913 servandum,
1983 2839 2034 2899 si
2079 2838 2230 2899 forte
2274 2836 2600 2919 aliquando

284 2938 403 2999 buc
451 2935 715 2998 redeam.
797 2935 951 2994 Nam
997 2932 1157 2993 bunc
1208 2932 1347 2992 mibi
1398 2931 1730 2992 secundum
1765 2950 1899 2993 esse
1927 2932 2135 3012 judico
2181 2932 2241 2991 in
2285 2930 2600 3013 sapientia,

280 3030 634 3093 Memineris
654 3048 816 3102 vero,
840 3038 911 3088 ut
940 3027 1101 3087 vafer
1125 3026 1227 3086 ille
1254 3026 1432 3086 homo
1460 3035 1523 3085 et
1552 3024 1902 3104 falsiloquus
1948 3036 2011 3085 et
2047 3044 2250 3085 scurra
2291 3042 2598 3109 nunquam

280 3126 343 3186 in
374 3123 525 3187 sede
550 3142 687 3183 mea
711 3119 806 3182 vel
852 3120 1073 3181 invitus
1130 3118 1358 3179 sedeat.
1444 3118 1652 3179 Ριυτ.
1697 3118 2026 3179 Praelucete
2075 3117 2255 3199 igitur
2302 3136 2405 3177 vos
2459 3117 2600 3192 huic

280 3216 551 3281 lucernis
580 3216 789 3287 sacris,
814 3214 1105 3293 simulque
1133 3212 1578 3293 prosequimini,
1607 3212 1731 3273 suis
1759 3212 1956 3294 ipsum
1983 3211 2233 3272 canticis
2280 3222 2370 3271 et
2385 3210 2597 3271 carmi-

280 3314 463 3373 nibus
497 3309 889 3371 celebrantes.
975 3307 1189 3367 Cnon.
1236 3306 1534 3386 Principio
1583 3304 1724 3365 felix
1769 3306 1879 3365 iter
1920 3304 2160 3366 abeunti
2203 3304 2396 3384 poetae
2438 3315 2500 3363 et
2535 3304 2598 3365 in

282 3406 483 3469 lucem
506 3403 847 3485 properanti
874 3401 1035 3473 date,
1056 3400 1155 3460 Dii
1178 3398 1381 3459 inferi.
1435 3399 1652 3460 deinde
1680 3398 1902 3459 civitati
1931 3416 2280 3479 magnorum
2311 3398 2600 3483 bonorum

280 3502 476 3563 bonas
498 3496 983 3577 excogitationes.
1071 3493 1127 3552 N
1131 3512 1228 3553 am
1250 3493 1483 3573 magnis
1508 3492 1680 3553 malis
1703 3502 1766 3551 et
1790 3493 2004 3554 acerbo
2031 3510 2326 3553 armorum
2353 3492 2598 3553 conflic-

281 3606 351 3656 tu
378 3594 767 3653 liberaremur
788 3588 901 3648 hoc
923 3600 1123 3667 pacto.
1189 3586 1427 3666 Pugnet
1453 3596 1652 3647 autem
1677 3584 1968 3667 Cleopho,
1997 3596 2058 3647 et
2084 3584 2236 3645 alius
2257 3585 2596 3669 quicunque

278 3692 537 3753 istorum
566 3682 879 3757 voluerit,
866 3702 923 3741 m
954 3682 1144 3762 patrio
1174 3699 1284 3743 suo
1314 3678 1465 3742 solo.

272 4568 281 4587 Ι
370 4604 379 4617 “
440 4602 641 4664 Arist.
678 4604 855 4665 Lat.‘
1172 4612 1181 4623 ’
2265 4600 2446 4663 'QG
2529 4576 2536 4583 .
