3059 5059
327 397 679 477 aso-414]
1101 392 1948 454 acuamus-,uses
2614 395 2651 452 v

322 535 412 588 ter
452 525 932 609 imprudentiam
985 543 1232 587 suorum
1282 523 1703 607 popularium:
1754 524 2027 607 adepque
2066 524 2381 588 formidine
2410 540 2651 605 pressus

322 618 434 678 fuit
481 619 584 680 hie
612 619 930 700 cophinus,
959 629 1032 680 ut
1075 619 1192 680 atri
1239 618 1526 700 pulveris,
1564 618 1647 679 ad
1692 637 1917 680 morem
1940 619 2175 700 sepite,
2208 617 2463 681 multum
2508 613 2653 679 mihi

321 713 646 774 eacaverit.
732 713 1048 774 Enimvero
1077 711 1216 772 viris
1245 711 1647 793 periculosum
1676 720 1771 772 est
1796 723 1921 772 tam
1949 711 2161 774 immiti
2178 731 2317 772 esse
2334 711 2557 779 animo,
2584 715 2653 774 ut

321 805 526 867 statim
551 805 900 886 jaculentur
946 815 1012 866 et
1057 804 1388 878 clamitent,
1429 805 1742 885 nolintque
1789 804 2131 867 auscultare
2180 823 2387 884 mquas
2434 800 2647 864 condi-

319 898 542 971 tiones,
591 899 834 978 qualem
879 919 996 976 ego
1035 898 1244 972 offero,
1300 917 1490 980 quum
1543 898 1682 959 volo
1713 917 1892 978 super
1920 909 2135 960 trunco
2160 895 2425 958 lanionio
2454 895 2687 960 dicere.

321 989 546 1064 omnia,
572 1010 952 1072 quaecunque
979 1012 1090 1074 pro
1123 991 1593 1052 Lacodoemoniis
1624 991 1869 1052 dixero:
1922 1001 1987 1052 et
2029 1000 2230 1052 tamen
2286 1008 2421 1050 amo
2470 989 2653 1048 etiam

321 1085 504 1144 vitam
532 1103 724 1146 meam
753 1105 889 1166 ego.
976 1087 1196 1147 Cnon.
1229 1086 1372 1145 Cur
1413 1087 1617 1166 itaque
1635 1104 1757 1146 nun
1787 1083 1961 1158 dicis,
1990 1084 2147 1146 foras
2176 1084 2413 1166 prolato
2434 1093 2653 1144 trunco

323 1175 614 1250 lanionio,
643 1177 1054 1258 quodcunque
1081 1177 1348 1250 tandem,
1399 1197 1436 1238 o
1473 1177 1729 1259 perdite,
1758 1176 2081 1239 dicendum
2108 1176 2477 1239 habestanti
2522 1193 2663 1237 mos

321 1268 547 1331 menti?
579 1270 727 1352 quid
758 1272 918 1332 enim
948 1271 1202 1352 cogites,
1231 1269 1440 1330 audire
1467 1289 1713 1352 prorsus
1743 1289 1910 1341 aveo.
1976 1270 2123 1345 Sed,
2146 1267 2653 1350 quemadmodum

319 1362 450 1443 ipse
475 1361 586 1423 tibi
607 1381 848 1442 poenam
877 1364 1218 1436 decrevisti,
1246 1363 1368 1424 buc
1395 1373 1670 1424 truncum
1696 1372 1917 1436 statue,
1940 1374 2196 1445 postque
2210 1364 2406 1445 incipe
2430 1361 2651 1422 dicere.

327 1456 481 1517 Dic.
543 1456 658 1528 En,
689 1456 907 1518 videte.
995 1457 1120 1544 Iste
1173 1467 1270 1518 est
1315 1465 1563 1517 truncus
1591 1455 1889 1516 lanionius
1916 1476 1937 1516 τ
1965 1456 2053 1516 vir
2094 1467 2294 1516 autem
2342 1455 2443 1536 qui
2470 1454 2654 1516 verba

322 1549 528 1622 faciet,
557 1548 674 1622 hic,
704 1569 824 1630 ego
862 1552 1130 1629 inquam,
1177 1548 1468 1610 tantillus.
1552 1547 1785 1630 Clypeo
1826 1567 1923 1610 me
1971 1567 2091 1610 non
2120 1549 2383 1610 muniam
2410 1547 2649 1616 hercle:

323 1661 400 1702 ne
445 1640 512 1701 id
561 1641 808 1721 putetis.
895 1643 1106 1704 Dicam
1160 1651 1360 1704 autem
1407 1660 1517 1722 pro
1552 1641 2059 1715 Lacedaemoniis,
2102 1661 2241 1721 quae
2290 1641 2437 1702 mihi
2482 1639 2653 1702 vide·

233 1763 242 1770 ·
323 1745 522 1809 antur,
543 1735 820 1815 quamvis
847 1736 1035 1797 multa
1059 1736 1321 1796 timeam.
1407 1735 1565 1794 Nam
1594 1743 1655 1795 et
1683 1734 1865 1794 animi
1884 1733 2279 1814 agricolarum
2306 1733 2442 1794 scio
2468 1751 2653 1814 quam

323 1827 500 1888 valde
529 1828 814 1908 gestiant,
852 1829 902 1889 si
945 1828 1112 1910 ipsos
1159 1838 1222 1888 et
1249 1827 1550 1888 civitatem
1589 1825 1797 1887 laudet
1823 1826 2005 1888 homo
2030 1827 2327 1909 quispiam
2366 1825 2651 1905 jactator.

323 1941 446 2002 qua
463 1921 598 2004 jure
626 1941 748 2002 qua
773 1921 1012 2003 injuria.
1097 1923 1296 2002 Atque
1332 1921 1432 1981 hic
1469 1929 1599 1982 tum
1626 1939 1747 1980 non
1777 1919 2098 1982 advertunt
2126 1919 2389 1980 animum
2432 1938 2503 1980 se
2547 1939 2649 1980 νος

321 2015 602 2076 nundari.
685 2017 912 2077 Senum
934 2015 1073 2077 item
1087 2016 1232 2088 novi
1260 2013 1591 2095 ingenium,
1610 2023 1678 2074 ut
1706 2013 1855 2074 nihil
1884 2023 2181 2095 spectent,
2198 2031 2379 2093 quam
2407 2010 2649 2074 calculo

321 2118 390 2169 ut
434 2109 766 2170 mordeant.
823 2110 990 2190 -Ipse
1021 2127 1258 2188 quoque
1287 2107 1430 2187 quid
1475 2125 1512 2167 a
1560 2107 1788 2168 Cleone
1814 2106 1929 2166 sim
1956 2125 2199 2186 passus,
2226 2105 2375 2178 scio,
2404 2113 2651 2186 propter

323 2201 680 2264 oomoediam
709 2203 1010 2282 praeterito
1041 2221 1200 2263 anno
1239 2199 1502 2269 editam:
1546 2219 1686 2260 nam
1720 2219 1815 2260 me
1852 2200 1914 2260 in
1966 2200 2255 2261 Senatum
2283 2206 2651 2280 prou-actum

323 2294 726 2356 calumnia-tus
754 2306 869 2368 est,
900 2306 962 2355 et
989 2293 1141 2356 falsa
1169 2296 1228 2356 in
1278 2313 1373 2356 me
1411 2293 1627 2356 effutiit
1670 2292 1939 2365 crimina,
1992 2303 2056 2354 et
2088 2311 2309 2372 magno
2334 2292 2649 2352 verborum

323 2389 560 2469 fragore
587 2388 847 2463 obtudit,
897 2399 958 2449 et
1007 2387 1342 2450 maledictis
1381 2387 1669 2468 perfudit,
1714 2395 1783 2447 ut
1820 2386 2127 2446 minimum
2176 2384 2452 2457 abfuerit,
2498 2383 2647 2463 quin

321 2482 598 2562 perirem,
625 2481 889 2542 foedatus
909 2481 1040 2562 ejus
1069 2481 1375 2544 conviciis,
1421 2481 1603 2540 Nunc
1630 2481 1809 2561 igitur
1826 2480 2100 2561 primum,
2127 2489 2447 2558 antequam
2465 2478 2647 2538 verba

323 2575 564 2648 faciam,
593 2573 772 2636 sinite
798 2595 894 2635 me
923 2575 1144 2636 amiciri
1172 2576 1232 2634 in
1263 2574 1506 2635 modum
1536 2574 1795 2635 hominis
1812 2573 2136 2634 miserrimi.
2218 2573 2439 2632 cnon.
2482 2569 2647 2640 Quid

323 2677 446 2728 tam
481 2679 730 2728 ⁴versute
777 2678 840 2728 et
885 2666 1102 2730 dolose
1141 2667 1388 2742 moliris,
1431 2679 1611 2750 atque
1642 2687 1839 2728 moras
1866 2665 2103 2728 uectis?
2164 2685 2387 2726 sumas
2414 2683 2525 2746 per
2548 2683 2645 2726 me

323 2759 468 2820 licet
507 2760 585 2819 ab
643 2759 1008 2841 Hieronymo
1057 2761 1394 2822 umbrosam
1443 2760 1705 2841 aliquam
1752 2770 1817 2821 et
1861 2759 2152 2820 hirsutam
2180 2759 2325 2820 Orci
2368 2758 2644 2839 galeamx

325 2851 544 2913 deinde
571 2852 850 2932 expande
877 2852 1348 2916 machinationes
1378 2853 1655 2935 Sisyphi:
1700 2871 1837 2912 nam
1882 2851 2053 2914 istud
2076 2861 2377 2912 certamen
2416 2851 2645 2911 nullam

325 2945 772 3006 excusationem
811 2945 1108 3008 admittet.
1193 2945 1348 3007 Drc.
1389 2947 1650 3025 Tempus
1702 2963 1867 3005 nunc
1900 2955 1997 3006 est
2036 2953 2109 3005 ut
2134 2944 2347 3004 fortem
2378 2943 2645 3004 animum

323 3036 662 3110 adsumam,
708 3049 772 3099 et
819 3039 964 3100 mihi
1013 3039 1332 3100 adeundus
1379 3037 1849 3119 est-Euripides.
1933 3037 2111 3114 Puer,
2152 3038 2337 3116 puer!
2425 3037 2643 3099 Cam.

327 3130 474 3200 Quis
519 3130 676 3192 iste?
760 3133 910 3193 Dic.
956 3133 1143 3193 Estne
1196 3133 1359 3193 intus
1406 3131 1776 3211 Euripides?
1856 3123 2069 3192 Ceba.
2115 3131 2253 3192 Non
2310 3131 2471 3192 intus
2526 3142 2643 3208 est,

325 3222 485 3284 intus
531 3237 650 3296 est,
684 3225 736 3285 si
780 3236 1038 3286 mentem
1066 3224 1278 3286 habes.
1367 3225 1519 3286 Dte.
1564 3223 1885 3294 Quomodo
1932 3225 2117 3297 intus,
2164 3235 2225 3285 et
2256 3241 2489 3286 rursum
2518 3245 2642 3287 non

321 3315 525 3378 intus?
607 3317 822 3378 Cera.
867 3317 1075 3388 Recte,
1105 3337 1142 3378 o
1163 3337 1372 3378 senex.
1455 3320 1709 3380 Animus
1740 3318 1981 3399 quidem
2010 3318 2153 3379 soris
2178 3316 2471 3397 colligens
2508 3338 2643 3380 ver-2

319 3409 546 3471 siculos
575 3429 697 3472 non
725 3411 886 3471 intus
909 3423 1039 3472 est:
1081 3412 1214 3492 ipse
1233 3422 1430 3472 autem
1454 3412 1615 3472 intus
1642 3414 1705 3473 in
1737 3411 1973 3472 sublimi
2004 3410 2223 3472 sedens
2252 3411 2395 3472 facit
2420 3419 2641 3491 tragoeo

323 3501 514 3564 diam.
599 3505 749 3566 Dxc.
813 3505 870 3563 Ο
913 3506 1184 3566 terbeate
1229 3505 1537 3585 Euripide,
1563 3506 1669 3585 qui
1700 3524 1933 3566 servum
1961 3505 2149 3566 habes
2178 3514 2299 3564 tam
2343 3503 2643 3586 sapienter

317 3595 688 3675 respondere
717 3596 995 3658 doctum!
1037 3617 1223 3658 evoca
1248 3599 1466 3678 ipsum.
1550 3599 1763 3659 Cerri.
1807 3599 1887 3660 At
1913 3598 2039 3659 fieri
2066 3597 2187 3658 hoe
2210 3597 2441 3677 nequit.
2468 3598 2639 3660 ·Dtc.

317 3687 632 3748 Attamen.
731 3689 870 3750 Non
927 3689 1084 3750 enim
1153 3691 1436 3753 abierim:
1500 3687 1609 3752 sed
1658 3690 1909 3771 pultabo
1958 3690 2231 3770 januam.
2336 3690 2641 3771 Euripide,

319 3779 727 3862 Euripidisce,
767 3783 1043 3846 ausculta
1083 3783 1248 3858 mihi,
1279 3785 1328 3844 si
1357 3803 1622 3865 unquam
1646 3783 1999 3845 auscultasti
2018 3783 2321 3864 cuiquam.
2400 3783 2641 3844 Dicoeo-

314 3873 478 3952 polis
503 3887 685 3936 vocat
715 3887 774 3938 te
803 3875 1138 3950 Chollides‚
1183 3897 1321 3958 ego,
1369 3878 1635 3959 inquam.
1718 3875 1895 3938 Eua.
1950 3875 2073 3937 Sed
2120 3895 2241 3938 non
2288 3885 2385 3936 est
2422 3875 2641 3938 otium.

267 3981 276 3988 ·
317 3965 482 4029 Dte.
523 3969 648 4028 Sed
673 3979 732 4030 te
751 3969 872 4031 huc
895 3972 1224 4051 promoveri
1237 3972 1402 4052 jube.
1457 3972 1628 4032 Eua.
1670 3970 1794 4032 Sed
1822 3969 1881 4030 id
1910 3971 2037 4031 fieri
2064 3989 2183 4031 uon
2206 3979 2429 4052 potest.
2482 3970 2641 4034 Dte.

313 4059 629 4124 Attamen.
716 4063 888 4124 Eun.
931 4063 1056 4125 Sed
1099 4066 1490 4145 promovebor
1527 4064 1811 4144 quidem:
1854 4083 2057 4124 verum
2078 4062 2487 4125 descendendi
2513 4065 2643 4124 non

311 4163 416 4216 est
481 4156 690 4218 otium.
805 4157 957 4216 Dic.
1021 4157 1392 4238 Euripide—
1469 4159 1645 4222 Eua.
1687 4157 1849 4229 Quid
1902 4155 2286 4218 vociferaris?
2368 4156 2523 4218 Dio.
2565 4158 2639 4218 In

313 4245 574 4310 sublime
599 4259 846 4311 evectus
875 4250 1198 4330 tragoedias
1228 4251 1398 4326 facis,
1418 4271 1617 4333 quum
1631 4251 1791 4314 idem
1819 4252 1999 4313 liceat
2022 4250 2227 4311 humi?
2268 4269 2389 4312 non
2416 4263 2643 4313 temere

313 4350 434 4415 est,
459 4340 630 4422 quod
658 4342 916 4404 claudos
941 4343 1141 4425 fingis.
1227 4344 1389 4416 Quid
1433 4347 1622 4407 vero?
1702 4365 1939 4426 pannos
1990 4365 2065 4405 ex
2110 4345 2401 4425 tragoedia
2428 4345 2639 4417 habes,

311 4443 546 4495 vestem
575 4434 998 4498 miserabilem.
1083 4439 1223 4499 Nou
1271 4449 1492 4509 temere
1538 4449 1653 4514 est,
1698 4438 1861 4520 quod
1898 4437 2207 4499 mendicos
2230 4438 2430 4518 fingis.
2512 4437 2639 4499 Sed

311 4545 424 4606 per
459 4545 578 4610 ego
619 4539 678 4592 te
706 4547 912 4611 genua
937 4533 1207 4608 obsecro,
1233 4532 1314 4594 mi
1344 4532 1650 4616 Euripide,
1692 4533 1773 4598 da
1802 4531 1942 4595 mihi
1970 4530 2651 4615 panniculumaliquem·
