3059 5059
299 407 702 481 991-1055]
1327 408 1386 468 N
1407 407 1462 468 U
1483 407 1535 468 B
1558 407 1693 470 ES.
2532 411 2607 472 61

303 547 388 608 ct,
413 535 468 598 si
491 536 630 616 quis
657 548 720 598 te
747 535 886 598 idco
907 535 1240 608 cavilletur,
1267 537 1725 612 excandescere,
1750 543 1813 596 et
1834 535 2166 597 senioribus
2193 536 2615 602 accedentibus

304 631 444 690 ioco
467 628 710 702 cedere,
755 647 870 690 uec
911 629 1072 691 male
1121 629 1318 692 facere
1363 631 1484 692 tuis
1525 629 1893 712 parentibus,
1940 648 2051 690 nec
2088 629 2249 696 aliud
2296 631 2618 713 quicquam

304 733 484 801 turpe
511 721 846 796 admittere,
873 723 1018 804 quia
1042 721 1298 784 Pudoris
1325 724 1565 804 siguum
1581 723 1767 784 debes
1794 721 2114 802 effingere:
2156 743 2269 785 nec
2306 725 2385 784 ad
2432 725 2619 788 salta·

303 814 514 878 tricem
541 813 884 896 irrumpere,
923 835 1000 876 ne
1047 815 1178 876 istis
1222 817 1398 878 rebus
1443 813 1771 878 inhiantem
1813 815 1973 876 malo
2012 827 2182 898 petat
2224 818 2621 892 meretricula,

305 908 590 988 famaque
621 919 725 970 tua
751 907 1088 977 deteratur-3
1131 927 1244 970 nee
1267 907 1676 970 contradicere
1716 909 1870 990 patri
1910 910 2251 990 quicquam,
2278 928 2409 986 uec,
2436 912 2471 972 J
2478 929 2621 992 ape-

308 1012 440 1064 tnm
465 1021 606 1063 eum
631 1001 970 1075 vocitando,
999 1001 1339 1063 meminisse
1368 1001 1657 1065 malcrum
1677 1001 1839 1064 >illius
1852 1004 2083 1075 oetatis,
2122 1023 2261 1085 qum
2300 1015 2361 1064 te
2402 1004 2623 1065 educa-

307 1095 412 1156 rit.
497 1095 640 1158 111.
684 1094 750 1156 Si
787 1094 1016 1166 huic‚'o
1055 1094 1434 1168 adolescens,
1481 1093 1557 1155 de
1605 1095 1743 1156 istis
1794 1095 2029 1168 credas,
2068 1095 2154 1157 ita
2200 1116 2299 1157 me
2346 1095 2622 1160 Bacchus

307 1197 492 1261 ιιιιοι,
521 1187 730 1250 similis
769 1188 888 1250 eris
931 1187 1314 1268 Hippocratis
1357 1187 1518 1262 filiis,
1566 1198 1631 1248 et
1674 1188 1860 1269 vulgo
1907 1200 1967 1250 te
2009 1191 2311 1251 vocabunt
2352 1188 2621 1254 bliteum.

309 1280 346 1340 J
355 1299 504 1342 σιτ.
545 1280 740 1342 Immo
767 1280 992 1342 nitidus
1023 1292 1086 1342 et
1123 1279 1342 1342 florens
1384 1281 1446 1341 in
1485 1281 1785 1363 palestris
1824 1283 2191 1352 versaberis3
2232 1299 2357 1344 nou
2398 1283 2624 1362 gan-ries

309 1372 372 1435 in
399 1373 533 1436 foro
565 1372 908 1436 inconditas
937 1393 1154 1454 nugas,
1184 1373 1396 1454 quales
1421 1374 1524 1434 isti
1563 1393 1747 1449 nunc,
1786 1394 1982 1457 neque
2016 1375 2269 1436 traheris
2310 1376 2371 1436 in
2402 1375 2504 1456 jus
2544 1375 2625 1436 ob

309 1485 438 1530 rem
463 1467 680 1540 levem,
705 1487 846 1548 quae
873 1478 935 1528 te
963 1479 1090 1528 tum
1119 1467 1366 1548 perdere
1389 1467 1585 1549 possit
1608 1480 1849 1550 propter
1884 1468 2215 1530 calumnias
2256 1467 2626 1530 adversario·

309 1580 482 1623 rum:
523 1581 730 1624 verum
767 1563 831 1624 in
873 1560 1258 1624 Academiam
1299 1560 1699 1634 descendens,
1742 1562 1855 1624 sub
1893 1563 2079 1624 sacris
2130 1562 2277 1623 olcis
2324 1562 2627 1638 decurres,

305 1652 622 1718 redimitus
647 1654 884 1716 calamo
931 1653 1091 1728 albo,
1129 1673 1266 1716 cnm
1317 1654 1591 1716 modesto
1640 1653 1859 1734 equali
1894 1663 2001 1716 tuo
2050 1654 2277 1735 aliquo;
2320 1654 2626 1717 smilacem

307 1746 594 1813 redolens
621 1757 686 1810 et
711 1747 918 1820 otium,
945 1757 1010 1808 et
1035 1747 1232 1808 albam
1259 1747 1543 1829 populum
1582 1747 1727 1808 folia
1766 1748 2215 1827 gemninantem,
2257 1767 2437 1809 veruo
2476 1757 2627 1808 tem-

307 1861 456 1924 pore
495 1841 797 1923 gaudens,
837 1841 1084 1923 quando
1122 1841 1404 1948 platanus
1443 1840 1610 1902 ulmo
1650 1851 1938 1903 susurrat.
2030 1839 2211 1909 Quod
2250 1842 2302 1901 si
2328 1841 2461 1902 hoc
2486 1859 2626 1920 qum

307 1933 452 1996 dico
479 1935 692 2007 facias,
717 1953 912 2014 eoque
953 1934 1232 1995 advertas
1259 1936 1541 2008 animum,
1568 1933 1819 1994 habebis
1860 1952 2091 2037 semper
2128 1943 2341 2016 pectus
2380 1934 2627 2014 pingue,

309 2025 574 2090 colorem
611 2027 886 2102 nitidum,
911 2027 1190 2090 humeros
1217 2047 1492 2108 magnos,
1520 2027 1785 2107 linguam
1812 2025 2115 2107 exiguam,
2140 2036 2311 2088 nates
2351 2045 2628 2107 magnas,

307 2139 528 2200 penem
553 2139 824 2200 parvum.
895 2121 1004 2182 Sin
1029 2119 1150 2180 illis
1178 2122 1380 2194 rebus,
1406 2120 1627 2202 quibus
1668 2120 1773 2182 isti
1816 2139 2001 2193 nunc,
2042 2118 2334 2194 studebis,
2380 2118 2629 2199 primum

305 2212 560 2292 quidem
611 2213 859 2276 habebis
900 2214 1160 2276 colorem
1201 2213 1509 2295 pallidum,
1548 2214 1829 2274 humeros
1872 2231 2111 2293 parvos,
2158 2223 2371 2295 peetus
2424 2219 2629 2285 tenue,

309 2306 586 2388 linguam
605 2325 908 2388 magnam,
938 2315 1112 2370 nates
1138 2325 1376 2387 parvas,
1403 2325 1618 2387 penem
1652 2325 1959 2387 magnum,
1999 2306 2306 2367 decretum
2346 2303 2628 2386 longumz

309 2411 376 2464 et
399 2400 787 2482 persuadebit
803 2401 933 2476 tibi,
959 2409 1030 2460 ιιι
1051 2399 1263 2464 credas
1292 2398 1585 2481 quidquid
1614 2409 1787 2481 turpe
1806 2409 1921 2473 est,
1948 2399 2098 2461 illud
2118 2418 2253 2460 csse
2288 2399 2630 2472 honestum,

309 2493 606 2576 quidquid
631 2495 972 2568 honestum,
999 2492 1150 2556 illud
1173 2503 1346 2576 turpe
1367 2513 1386 2563 ι
1429 2503 1492 2556 et
1517 2493 1598 2554 ad
1625 2491 1759 2554 hoec
1790 2492 2130 2553 Antimachi
2156 2490 2403 2553 mollitie
2420 2491 2631 2572 opple·

311 2586 496 2650 beris.
579 2587 803 2650 Onon.
845 2588 901 2647 Ο
929 2587 1240 2670 sapientiae
1267 2586 1525 2650 excelso
1566 2596 1629 2647 et
1668 2586 1911 2668 inclytoe
1952 2583 2166 2661 cultor,
2208 2605 2389 2666 quam
2428 2583 2631 2647 suavis

313 2681 570 2742 orationi
595 2692 718 2744 tum
742 2691 809 2742 et
831 2680 1142 2743 modestus
1167 2678 1326 2742 inest
1355 2681 1507 2742 flos!
1578 2680 1751 2742 Beati
1776 2698 1922 2760 ergo
1950 2688 2142 2754 eraut,
2169 2680 2273 2761 qui
2300 2690 2445 2740 tunc
2472 2678 2633 2740 vive-

309 2775 484 2848 bant,
513 2795 699 2855 quum
727 2785 794 2836 tu
821 2773 1020 2838 adhuc
1049 2793 1203 2847 eras,
1231 2774 1444 2854 prioris
1485 2773 1611 2835 mvi
1652 2772 1943 2834 homiues.
2008 2773 2103 2834 Tu
2128 2791 2287 2845 vero,
2314 2771 2411 2832 cui
2450 2770 2633 2832 molle

313 2881 498 2948 atque
525 2870 788 2930 facetum
815 2867 1028 2930 adnuit
1055 2867 1257 2940 Musa,
1299 2876 1510 2928 contra
1548 2866 1669 2926 ista
1706 2874 1941 2946 oportet
1981 2863 2219 2945 aliquid,
2243 2865 2383 2926 nori
2422 2873 2483 2925 te
2520 2863 2633 2926 ad·

313 2959 511 3029 ferre,
490 2979 509 2996 ·
556 2979 696 3022 nam
721 2962 838 3024 iste
862 2961 950 3022 vir
973 2958 1220 3024 multam
1250 2960 1494 3021 laudem
1521 2958 1774 3039 adeptus
1814 2969 1931 3020 est.
1999 2957 2215 3018 Solerti
2242 2965 2440 3018 autem
2486 2975 2636 3018 con·

315 3051 456 3116 silio
502 3053 738 3114 videtur
785 3054 892 3116 tibi
937 3073 1090 3134 opus
1133 3053 1260 3114 fore
1301 3052 1591 3114 adversus
1634 3071 1793 3126 eum,
1838 3051 1891 3112 si
1932 3050 2119 3112 virum
2163 3049 2333 3111 illum
2374 3049 2635 3112 volueris

315 3165 623 3226 superare,
655 3156 718 3208 et
743 3165 866 3208 non
909 3146 1231 3208 ludibrium
1258 3145 1494 3208 debere.
1576 3146 1715 3209 hu.
1758 3143 1941 3226 Atqui
1966 3143 2194 3205 dudum
2231 3142 2373 3204 mihi
2412 3144 2636 3226 pruefo

316 3249 533 3304 untur
551 3237 676 3313 ilia,
699 3239 960 3321 cupienti
984 3239 1186 3302 omnia
1205 3238 1325 3301 ista
1351 3238 1665 3301 contrariis
1688 3237 2000 3300 sententiis
2026 3237 2405 3300 conturbare.
2474 3209 2749 3318 Natus*
2780 3235 2789 3242 ’

320 3351 438 3412 ego
465 3331 646 3412 Pejor
667 3331 910 3412 quidem
938 3333 1148 3396 Sermo
1172 3334 1253 3394 ob
1278 3333 1385 3395 id
1367 3351 1567 3414 ipsum
1606 3351 1785 3394 vocor
1823 3351 1860 3392 a
1901 3330 2303 3416 scholasticis,
2344 3329 2485 3414 quia
2510 3331 2635 3414 pri:-

321 3444 457 3487 mus
482 3425 840 3505 excogitavi,
865 3425 1166 3506 quomodo
1193 3425 1327 3505 quis
1347 3425 1578 3506 legibus
1608 3437 1671 3487 et
1682 3425 1801 3506 juri
1832 3423 2241 3486 contradicere
2268 3424 2497 3506 possit·
2478 3467 2497 3484 .
2522 3423 2635 3486 sed

315 3516 440 3582 hoc
466 3536 613 3582 auro
641 3527 852 3580 contra
875 3537 1080 3580 carum
1103 3530 1368 3592 nou-est,
1397 3521 1450 3580 si
1479 3519 1755 3580 nimirum
1790 3518 2084 3598 suscipias
2130 3535 2377 3579 causam
2420 3515 2633 3578 debili·

319 3629 510 3684 orem,
535 3621 600 3672 et
624 3620 826 3672 tamen
855 3612 1080 3674 vincas.
1121 3611 1245 3674 Sed
1273 3623 1502 3692 specta,
1542 3611 1844 3692 quomodo
1886 3611 2213 3672 confutabo
2256 3610 2637 3690 disciplinam

317 3703 522 3784 hujus,
548 3703 648 3766 cui
672 3704 952 3776 confiditz
996 3705 1100 3785 qui
1121 3717 1308 3786 negat
1333 3725 1400 3766 se
1427 3723 1744 3786 passurum
1774 3715 1837 3766 te
1870 3704 2071 3764 calida
2104 3704 2310 3765 lavari.
2352 3702 2491 3773 Quo
2526 3704 2639 3766 ita·

319 3816 442 3876 que
467 3810 824 3876 argumento
849 3798 1150 3878 vituperas
1177 3798 1376 3860 calida
1398 3796 1681 3859 lavacra?
1760 3797 1951 3859 Jusr.
1994 3796 2153 3867 Quia
2174 3796 2433 3876 pessima
2470 3804 2635 3870 sunt,

323 3901 388 3972 et
411 3890 712 3954 hominem
737 3890 1002 3954 reddunt
1025 3893 1328 3972 ignavum.
1412 3893 1551 3954 Ius.
1594 3889 1891 3959 Quiesce:
1936 3909 2078 3951 nam
2102 3907 2245 3956 ecce
2273 3900 2335 3951 te
2374 3889 2637 3950 medium

323 3995 528 4058 teneo,
555 3993 626 4046 ut
649 3983 806 4048 elabi
834 4003 1120 4065 nequeas.
1161 3985 1278 4046 Dic
1304 3984 1470 4058 mihi,
1493 4001 1813 4066 quemnam
1855 4003 1932 4044 ex
1958 3984 1995 4044 J
2000 3983 2127 4045 ovis
2154 3982 2293 4043 filiis
2334 3981 2639 4044 fortissimi

325 4077 512 4140 animi
566 4089 749 4160 putas
803 4077 1013 4152 fuisse,
1059 4088 1124 4140 et
1175 4075 1410 4142 labores
1463 4077 1749 4159 plurimos
1804 4075 2187 4138 exantlasse?
2264 4075 2305 4137 J
2311 4093 2453 4138 uer.
2494 4077 2640 4139 Mea

327 4171 570 4251 quidem
603 4171 907 4234 sententia
931 4191 1108 4235 nemo
1133 4171 1330 4253 potior
1375 4171 1491 4232 fuit
1541 4167 1823 4232 Hercule.
1907 4171 2047 4234 lus.
2088 4169 2364 4246 Ubinam,
2404 4189 2639 4252 queso,

327 4263 530 4328 vidisti
551 4284 814 4346 unquam
837 4264 1090 4345 frigidas
1113 4265 1378 4328 balineas
1407 4263 1784 4328 Herculeas?
1824 4273 1886 4328 et
1919 4264 2055 4345 quis
2102 4274 2305 4326 tamen
2351 4276 2478 4327 erat
2518 4267 2640 4327 for-

329 4357 486 4420 tior?
565 4359 604 4424 J
611 4377 758 4421 σιτ.
801 4358 950 4422 Hoc
990 4369 1135 4422 sunt
1179 4357 1286 4420 illa
1325 4357 1619 4434 nimirum,
1662 4379 1801 4439 qum
1849 4357 2331 4420 adolescentibus
2372 4357 2641 4438 quotidie

327 4453 392 4513 in
431 4472 536 4516 ore
583 4463 752 4526 sunt,
798 4463 862 4516 et
902 4452 1168 4516 efficiunt
1211 4462 1276 4514 ut
1323 4453 1601 4516 balneum
1644 4452 1723 4513 sit
1764 4453 2025 4533 plenum,
2068 4451 2367 4532 palastroe
2406 4469 2638 4513 vacum.

333 4545 474 4612 hu.
500 4545 818 4630 vituperas
843 4545 1069 4612 deiude·
1094 4547 1254 4612 hanc
1277 4547 1340 4610 in
1368 4547 1501 4612 soro
1529 4543 1807 4610 venandi
1844 4545 2378 4616 consuetudinemz
2420 4552 2485 4606 at
2522 4561 2641 4626 ego
