3059 5059
382 282 535 399 ⁸180
1176 332 1958 397 ARISTOPHANIS
2363 333 2715 417 [799—873

420 484 630 549 cepam
684 464 982 527 comedes.
1064 465 1223 528 San.
1282 468 1361 527 Et
1404 465 1644 527 sublato
1699 484 1866 527 crure
1921 471 1982 527 te
2039 466 2204 528 calce
2257 466 2450 527 ferire.
2520 466 2720 528 ’Μυκη

422 558 646 621 Silvam
674 558 917 619 multam
964 557 1140 639 geris.
1224 560 1381 619 Smr.
1430 560 1588 620 Nam
1628 570 1690 621 et
1735 558 2084 641 Myronides
2125 568 2254 622 erat
2295 557 2568 641 hispidus
2615 560 2720 619 illa

421 664 611 736 parte,
665 653 951 733 nigroque
1004 651 1238 733 podice,
1286 652 1585 713 timendus
1653 652 1926 713 hostibus
1986 652 2298 714 omnihus:
2385 653 2474 714 sic
2537 654 2720 715 etiam

418 745 721 807 Phormio.
829 745 1045 805 Cnon..
1108 744 1291 805 Mur..
1360 745 1439 806 Et
1494 764 1609 827 ego
1665 745 1806 806 volo
1878 745 2139 807 fabulam
2189 747 2492 826 quandam
2546 746 2720 807 vobis

420 859 657 905 narrare
684 838 1009 899 Melanioni
1050 838 1525 919 respondentem.
1607 839 1815 899 Timon
1859 839 2100 919 quidam
2141 850 2270 901 erat
2309 840 2718 921 implacabilis,

419 932 738 1003 inaccessis
792 932 980 1013 spinis
1034 932 1462 1014 circumseptus
1529 932 1762 1004 faciem,
1835 934 2136 993 Furiarum
2199 953 2486 1014 propago.
2599 934 2724 993 Iste

418 1025 659 1105 inquam
688 1025 897 1085 Timon
925 1024 1078 1104 fugit
1106 1036 1341 1106 propter
1369 1024 1590 1097 odium,
1621 1026 1809 1086 multa
1843 1026 2000 1087 mala
2037 1026 2397 1107 imprecatus
2439 1027 2718 1105 improbis

418 1119 583 1179 viris.
666 1118 767 1178 Sic
793 1118 893 1179 ille
920 1138 1122 1178 rursus
1154 1131 1413 1179 vestrum
1442 1118 1652 1179 oderat
1677 1118 1866 1179 malos
1898 1120 2052 1180 viros
2080 1138 2348 1200 semper:
2405 1119 2718 1179 mulierum

422 1222 623 1272 autem
649 1219 776 1271 erat
804 1212 1262 1272 amantissimus.
1346 1212 1529 1271 Mun.
1573 1213 1805 1282 Qum).
1849 1213 2034 1273 Visne
2075 1214 2323 1273 buccam
2361 1212 2466 1272 tibi
2509 1232 2720 1293 percu·

422 1303 607 1367 tiam?
689 1306 847 1365 San.
892 1305 1097 1374 Qum.
1142 1305 1854 1385 Haudquaquam·timeo.
1942 1306 2120 1366 Mur..
2153 1306 2272 1366 Sed
2297 1326 2466 1367 crure
2491 1307 2718 1367 feriam.

422 1398 582 1459 Seu.
614 1399 892 1457 Cunnum
918 1398 1223 1457 ostendes.
1310 1398 1488 1459 Mur..
1535 1397 1655 1458 Sed
1683 1408 1878 1458 tamen
1909 1418 2030 1458 non
2053 1398 2303 1474 videbis,
2341 1400 2480 1459 licet
2519 1399 2722 1459 vetula

421 1490 553 1559 sim,
582 1510 717 1551 eum
746 1490 1042 1562 crinitum,
1065 1502 1128 1550 at
1156 1487 1568 1570 deglabratum
1598 1490 1855 1551 lucernae
1877 1492 2200 1556 flammula.

504 1584 659 1645 [γε.
692 1584 779 1654 Io,
810 1584 868 1644 io
894 1584 1188 1656 mulieres,
1216 1584 1409 1643 venite
1450 1582 1570 1643 huc
1612 1583 1690 1643 ad
1733 1603 1826 1645 me
1867 1584 2153 1645 celeriter.
2238 1586 2418 1647 Mur..
2464 1586 2514 1647 1.
2557 1585 2718 1655 Quid

420 1676 559 1737 est?
614 1677 709 1737 dic
754 1676 915 1749 mihi,
961 1675 1095 1756 quis
1152 1686 1245 1737 est
1302 1676 1415 1736 iste
1470 1675 1742 1736 clamor?
1827 1677 1979 1737 LYs.
2023 1678 2250 1750 Virum,
2301 1678 2486 1737 virum
2541 1668 2724 1739 video

418 1769 703 1830 accedere
746 1770 1145 1841 furibundum,
1188 1770 1436 1830 Veneris
1480 1770 1766 1849 percitum
1806 1770 2011 1850 orgiis.
2095 1771 2278 1831 Mur..
2325 1772 2402 1831 11.
2451 1772 2506 1829 Ο
2557 1772 2718 1843 diva,

422 1861 626 1942 Cypri,
664 1873 726 1922 et
752 1850 1163 1942 Cytherorum,
1192 1873 1253 1922 et
1280 1861 1469 1941 Paphi
1507 1861 1734 1941 regina,
1763 1882 1943 1944 perge
1971 1874 2134 1924 recta
2173 1866 2287 1937 via,
2327 1884 2506 1945 quam
2546 1866 2722 1925 insti-

416 1954 560 2014 tisti.
641 1954 822 2015 Mur..
868 1955 916 2015 1.
962 1956 1076 2015 Ubi
1105 1964 1217 2025 est,
1246 1955 1513 2035 quisquis
1537 1954 1675 2015 est?
1759 1956 1907 2017 LYs.
1951 1956 2128 2039 Apud
2151 1958 2404 2019 Cereris.
2449 1958 2630 2019 Mur..
2665 1960 2716 2017 1.

421 2048 670 2107 Ecastor
726 2068 821 2108 nse
875 2057 969 2109 est
1022 2048 1256 2127 aliquis.
1348 2048 1503 2107 Nam
1562 2048 1695 2128 quis
1751 2068 1886 2110 esse
1941 2051 2178 2129 possit?
2283 2052 2436 2112 LYs.
2479 2052 2720 2111 Videte.

420 2140 677 2201 Novitne
711 2140 909 2222 aliqua
950 2140 1248 2201 vestrum?
1334 2142 1568 2203 Mrna.
1616 2140 1724 2202 Pol
1765 2142 2040 2222 equidem
2083 2145 2258 2207 novi:
2311 2157 2377 2207 et
2415 2156 2510 2205 est
2547 2164 2718 2206 meus

416 2232 505 2292 vir
540 2234 831 2294 Cinesias.
918 2234 1070 2295 Las.
1118 2234 1308 2293 Tuum
1360 2234 1439 2294 sit
1484 2254 1698 2295 munus
1746 2244 1964 2296 torrere
2013 2248 2076 2297 et
2131 2257 2361 2299 versare
2413 2238 2599 2310 illum,
2655 2250 2721 2299 et

336 2341 350 2348 ·
416 2324 689 2407 decipere
726 2328 982 2387 amando
1009 2338 1071 2387 et
1098 2348 1217 2387 non
1246 2328 1524 2399 amando,
1546 2340 1608 2387 et
1635 2328 1832 2388 omnia
1857 2331 2142 2410 praebere,
2173 2344 2384 2411 pra-:ter
2412 2330 2534 2403 illa,
2561 2350 2720 2411 quo-

415 2438 546 2479 rum
571 2420 847 2481 conscius
874 2430 967 2480 est
1008 2420 1181 2481 calix.
1268 2421 1504 2482 Mrnn.
1543 2421 1636 2480 Ne
1684 2421 1940 2481 sollicita
1988 2423 2108 2484 sis:
2167 2424 2379 2484 faciam
2417 2425 2536 2485 ista
2576 2444 2716 2504 ego·

418 2513 569 2573 Lrs.
614 2514 771 2584 Quin
802 2523 863 2574 et
888 2533 1003 2594 ego
1023 2513 1121 2573 hic
1166 2532 1415 2574 manens
1463 2532 1584 2573 una
1631 2522 1828 2575 tecum
1877 2514 2166 2596 decipiam
2213 2527 2274 2577 et
2316 2537 2482 2577 uram
2517 2517 2717 2577 istum.

416 2606 542 2665 Vos
564 2617 761 2666 autem
779 2606 956 2667 abite.
1000 2606 1156 2667 Cur.
1176 2606 1290 2666 Hei
1317 2606 1457 2666 mihi
1480 2607 1690 2667 misero
1713 2612 1728 2664 l
1751 2620 1976 2685 quanta
1997 2608 2722 2671 discrucioreonvulsione

415 2708 479 2759 et
518 2698 827 2778 tentigine,
856 2719 973 2758 non
1004 2719 1181 2759 secus
1212 2718 1283 2758 ac
1311 2698 1363 2758 si
1394 2700 1451 2757 in
1482 2708 1613 2759 rota
1639 2706 1944 2779 torquear!
1993 2702 2143 2763 LYs.
2168 2703 2318 2772 Quis
2342 2713 2438 2763 est
2461 2705 2595 2774 iste,
2611 2704 2716 2783 qui

416 2801 538 2852 stat
563 2793 651 2852 cis
678 2790 1003 2853 custodes?
1087 2792 1241 2852 Cur.
1272 2791 1423 2871 Ego.
1510 2792 1659 2851 LYs.
1689 2790 1844 2851 Vir?
1927 2794 2082 2855 Cur.
2127 2796 2230 2855 Vir
2255 2796 2481 2877 utique.
2566 2797 2718 2857 Lrs.

416 2885 635 2945 Nonne
680 2904 823 2964 ergo
858 2885 997 2945 hinc
1038 2882 1350 2945 facesses?
1432 2884 1588 2945 Cnr.
1635 2886 1726 2946 Tu
1768 2904 1908 2945 vero
1956 2907 2232 2966 quaenam
2285 2909 2372 2960 es,
2430 2910 2566 2971 quae
2621 2908 2720 2949 me

414 2977 626 3059 ejicis?
709 2980 861 3039 LYs.
920 2979 1151 3038 Diurna
1200 2975 1581 3058 speculatrix.
1667 2980 1822 3041 Cm.
1880 2978 1998 3039 Per
2051 2979 2198 3041 deos
2252 3002 2396 3062 ergo
2447 2985 2718 3055 obsecro,

414 3091 600 3133 evoca
626 3071 767 3132 mihi
799 3072 1182 3153 Myrrhinam.
1270 3070 1417 3131 Lrs.
1447 3072 1604 3132 Ecce
1637 3077 1810 3133 vero!
1859 3092 2051 3152 egone
2095 3085 2162 3135 ut
2204 3074 2563 3155 Myrrhinam
2607 3076 2718 3137 tibi

414 3163 665 3225 vocem?
719 3164 810 3223 Tu
838 3174 1057 3237 autem,
1094 3165 1227 3243 quis
1271 3164 1380 3224 es?
1463 3165 1620 3225 Cur.
1669 3166 1774 3225 Vir
1819 3164 2000 3241 illius,
2053 3166 2370 3229 Pseonides
2417 3170 2716 3232 Cinesias.

416 3258 569 3319 LYs.
620 3258 674 3317 Ο
720 3258 885 3319 salve
932 3256 1273 3317 carissime:
1328 3277 1450 3316 non
1500 3258 1656 3318 enim
1699 3260 2011 3319 obscurum
2059 3260 2219 3341 apud
2257 3280 2366 3321 nos
2406 3273 2502 3321 est
2545 3272 2718 3323 tuum

415 3369 655 3424 nomen,
684 3372 795 3412 nec
823 3350 1117 3430 ignobile:
1164 3370 1397 3429 semper
1436 3351 1594 3411 euim
1628 3361 1690 3411 te
1729 3351 1790 3411 in
1836 3371 1936 3412 ore
1975 3353 2152 3415 habet
2201 3374 2350 3415 uxor
2390 3363 2516 3427 tua,
2553 3366 2620 3416 et
2665 3356 2722 3415 si

413 3463 591 3505 ovum
632 3453 735 3504 aut
762 3443 982 3504 malum
1000 3454 1217 3515 sumat,
1250 3445 1501 3505 OEnesiae
1519 3446 1606 3504 sit
1644 3444 1774 3517 Ιιοο,
1815 3444 2026 3525 inquit.
2110 3447 2270 3508 Cur.
2313 3446 2414 3507 Dii
2454 3458 2720 3509 vostram

414 3536 627 3597 fidem!
706 3537 855 3597 Lrs.
902 3536 996 3597 Ita
1023 3548 1136 3609 est,
1174 3556 1278 3617 per
1314 3537 1606 3597 Venerem
1649 3538 1810 3618 juro.
1888 3540 2038 3599 Tum
2077 3539 2130 3599 si
2171 3540 2247 3600 de
2294 3540 2433 3601 viris
2489 3541 2722 3604 incidat

416 3648 609 3690 sermo
637 3628 870 3711 aliquis,
900 3630 1097 3691 statim
1119 3630 1315 3691 dicere
1347 3632 1501 3691 solet
1528 3650 1679 3692 uxor
1714 3642 1838 3706 tua,
1879 3640 2068 3693 cetera
2117 3636 2314 3695 omnia
2359 3655 2558 3717 nugas
2597 3656 2724 3697 esse

410 3742 545 3803 prae
596 3724 847 3784 Cinesr‘a.
958 3724 1112 3784 Cur.
1170 3724 1442 3805 Agedum
1494 3743 1646 3785 voca
1691 3724 1899 3807 ipsam.
1983 3725 2134 3788 LYs.
2195 3727 2403 3797 Quid?
2466 3727 2726 3793 dabisne

415 3815 637 3896 aliquid
666 3816 853 3876 mihi?
942 3817 1099 3877 Cur.
1144 3815 1435 3896 Equidem
1478 3816 1678 3879 hercle
1717 3818 1878 3879 illico
1920 3819 1971 3879 si
2009 3819 2179 3881 velis.
2263 3822 2474 3881 Habeo
2513 3832 2720 3883 autem

414 3906 616 3969 istud:
676 3909 837 3989 quod
860 3910 1061 3989 itaque
1088 3910 1302 3984 habeo,
1330 3908 1410 3969 do
1438 3910 1568 3971 tibi.
1650 3912 1800 3973 LYs.
1846 3912 2224 3973 Descendam
2266 3914 2466 3995 igitur,
2510 3926 2572 3975 et
2611 3936 2722 3977 vo-

414 4004 567 4063 cabo
597 4022 727 4064 eam
776 4004 901 4064 tibi.
986 4004 1141 4062 Cns-
1188 4003 1382 4072 Quam
1420 4004 1705 4065 citissime
1747 4025 1909 4085 ergo.
1997 4006 2149 4067 Nam
2190 4026 2433 4088 prorsus
2481 4008 2722 4088 ingrata

414 4094 556 4154 mibi
580 4095 701 4156 vita
726 4108 839 4167 est,
864 4116 937 4157 ex
968 4114 1089 4175 quo
1140 4095 1321 4156 exivit
1366 4095 1471 4158 illa
1514 4097 1728 4158 domo:
1776 4109 1955 4178 atque
1999 4098 2216 4161 intrare
2262 4101 2484 4162 taedet:
2537 4101 2721 4162 deso·

413 4187 539 4247 lata
562 4188 704 4249 mihi
730 4189 1003 4250 videntur
1031 4190 1267 4250 omnia:
1318 4210 1509 4271 neque
1550 4210 1813 4272 unquam
1853 4192 2170 4273 quicquam
2213 4213 2307 4254 me
2337 4194 2512 4274 juvat
2549 4194 2720 4273 quod

412 4280 569 4342 edo:
622 4300 759 4342 uam
809 4282 963 4361 riget
994 4282 1137 4342 mihi
1182 4301 1419 4345 nervus.
1504 4284 1742 4345 Mrnn.
1785 4286 1940 4345 Amo
1987 4286 2282 4366 equidem,
2329 4306 2462 4347 amo
2505 4287 2714 4347 illum:

416 4374 526 4435 sed
556 4395 675 4435 non
701 4375 833 4436 vult
860 4395 897 4435 a
922 4395 1017 4435 me
1048 4378 1251 4437 amari.
1335 4375 1595 4438 Proinde
1625 4398 1699 4438 ne
1728 4398 1821 4439 me
1850 4379 2114 4440 adhunc
2146 4381 2468 4441 vocaveris.
2549 4380 2714 4442 cnr.

416 4468 470 4529 Ο
494 4467 835 4531 dulcissima
863 4468 1254 4551 Myrrhinula‚
1293 4490 1397 4533 cur
1442 4473 1611 4535 istaec
1657 4472 1836 4553 agis?
1917 4472 2217 4535 descende
2245 4471 2386 4535 huc.
2469 4472 2718 4534 Mssa.
