<?xml version="1.0" encoding="UTF-8"?>
<!DOCTYPE html PUBLIC "-//W3C//DTD XHTML 1.0 Transitional//EN"
    "http://www.w3.org/TR/xhtml1/DTD/xhtml1-transitional.dtd">
<html xmlns="http://www.w3.org/1999/xhtml" xml:lang="en" lang="en">
 <head>
  <title>
</title>
<meta http-equiv="Content-Type" content="text/html;charset=utf-8" />
  <meta name='ocr-system' content='tesseract 3.04.00' />
  <meta name='ocr-capabilities' content='ocr_page ocr_carea ocr_par ocr_line ocrx_word'/>
</head>
<body>
  <div class='ocr_page' id='page_1' title='image "./comdicumscholii00bekkgoog_0238.png"; bbox 0 0 3059 5059; ppageno 0'>
   <div class='ocr_carea' id='block_1_1' title="bbox 426 338 2718 439">
    <p class='ocr_par' dir='ltr' id='par_1_1' title="bbox 426 338 2718 439">
     <span class='ocr_line' id='line_1_1' title="bbox 426 338 2718 439; baseline -0.003 -15"><span class='ocrx_word' id='word_1_1' title='bbox 426 364 587 425; x_wconf 62' lang='grc' dir='ltr'>οη·</span> <span class='ocrx_word' id='word_1_2' title='bbox 1170 338 1980 419; x_wconf 74' lang='lat' dir='ltr'>Aals‘r&#39;oP-nAms</span> <span class='ocrx_word' id='word_1_3' title='bbox 2369 353 2718 439; x_wconf 69' lang='lat' dir='ltr'>[soa-ssi</span> 
     </span>
    </p>
   </div>
   <div class='ocr_carea' id='block_1_2' title="bbox 420 484 2760 4465">
    <p class='ocr_par' dir='ltr' id='par_1_2' title="bbox 420 484 2760 2419">
     <span class='ocr_line' id='line_1_2' title="bbox 430 484 2720 567; baseline -0.003 -16"><span class='ocrx_word' id='word_1_4' title='bbox 430 486 564 554; x_wconf 77' lang='lat' dir='ltr'>dias</span> <span class='ocrx_word' id='word_1_5' title='bbox 588 484 1270 559; x_wconf 70' lang='lat' dir='ltr'>se&#39;examinattirumait,</span> <span class='ocrx_word' id='word_1_6' title='bbox 1298 486 1552 567; x_wconf 82' lang='lat' dir='ltr'>singulis</span> <span class='ocrx_word' id='word_1_7' title='bbox 1573 490 1838 547; x_wconf 77' lang='lat' dir='ltr'>seorsum</span> <span class='ocrx_word' id='word_1_8' title='bbox 1867 486 2076 547; x_wconf 79' lang='lat' dir='ltr'>sumtis</span> <span class='ocrx_word' id='word_1_9' title='bbox 2097 484 2384 547; x_wconf 80' lang='lat' dir='ltr'>versibus.</span> <span class='ocrx_word' id='word_1_10' title='bbox 2445 484 2720 557; x_wconf 53' lang='lat' dir='ltr'>Xant-</span> 
     </span>
     <span class='ocr_line' id='line_1_3' title="bbox 428 576 2720 660; baseline -0.003 -17"><span class='ocrx_word' id='word_1_11' title='bbox 428 580 649 643; x_wconf 77' lang='lat' dir='ltr'>Miruni</span> <span class='ocrx_word' id='word_1_12' title='bbox 677 578 739 642; x_wconf 87' lang='lat' dir='ltr'>ni</span> <span class='ocrx_word' id='word_1_13' title='bbox 766 582 1151 660; x_wconf 77' lang='lat' dir='ltr'>graviterista</span> <span class='ocrx_word' id='word_1_14' title='bbox 1178 581 1327 640; x_wconf 87' lang='lat' dir='ltr'>ferat</span> <span class='ocrx_word' id='word_1_15' title='bbox 1354 579 1690 659; x_wconf 76' lang='lat' dir='ltr'>AEsehylus.</span> <span class='ocrx_word' id='word_1_16' title='bbox 1774 580 1948 639; x_wconf 59' lang='grc' dir='ltr'>ΛΞΜ.</span> <span class='ocrx_word' id='word_1_17' title='bbox 1994 579 2136 641; x_wconf 91' lang='lat' dir='ltr'>Ideo</span> <span class='ocrx_word' id='word_1_18' title='bbox 2177 590 2406 641; x_wconf 79' lang='lat' dir='ltr'>torvum</span> <span class='ocrx_word' id='word_1_19' title='bbox 2447 576 2720 637; x_wconf 80' lang='lat' dir='ltr'>intueba-</span> 
     </span>
     <span class='ocr_line' id='line_1_4' title="bbox 426 669 2716 755; baseline -0.003 -20"><span class='ocrx_word' id='word_1_20' title='bbox 426 686 547 748; x_wconf 86' lang='lat' dir='ltr'>tur,</span> <span class='ocrx_word' id='word_1_21' title='bbox 571 676 845 755; x_wconf 78' lang='lat' dir='ltr'>capitein</span> <span class='ocrx_word' id='word_1_22' title='bbox 874 672 1392 735; x_wconf 84' lang='lat' dir='ltr'>terram-demisso.</span> <span class='ocrx_word' id='word_1_23' title='bbox 1438 674 1708 733; x_wconf 61' lang='lat' dir='ltr'>Xxnrn.</span> <span class='ocrx_word' id='word_1_24' title='bbox 1755 673 1904 741; x_wconf 89' lang='lat' dir='ltr'>Quis</span> <span class='ocrx_word' id='word_1_25' title='bbox 1951 692 2090 733; x_wconf 88' lang='lat' dir='ltr'>vero</span> <span class='ocrx_word' id='word_1_26' title='bbox 2117 672 2302 752; x_wconf 86' lang='lat' dir='ltr'>judex</span> <span class='ocrx_word' id='word_1_27' title='bbox 2340 669 2496 733; x_wconf 67' lang='lat' dir='ltr'>erit?</span> <span class='ocrx_word' id='word_1_28' title='bbox 2537 671 2716 730; x_wconf 68' lang='lat' dir='ltr'>AEac.</span> 
     </span>
     <span class='ocr_line' id='line_1_5' title="bbox 430 764 2720 847; baseline -0.002 -20"><span class='ocrx_word' id='word_1_29' title='bbox 430 768 565 828; x_wconf 85' lang='lat' dir='ltr'>Hoc</span> <span class='ocrx_word' id='word_1_30' title='bbox 592 766 828 828; x_wconf 87' lang='lat' dir='ltr'>difficile</span> <span class='ocrx_word' id='word_1_31' title='bbox 856 776 983 829; x_wconf 84' lang='lat' dir='ltr'>erat</span> <span class='ocrx_word' id='word_1_32' title='bbox 1008 788 1025 828; x_wconf 75' lang='lat' dir='ltr'><strong><em>z</em></strong></span> <span class='ocrx_word' id='word_1_33' title='bbox 1074 786 1213 825; x_wconf 89' lang='lat' dir='ltr'>nam</span> <span class='ocrx_word' id='word_1_34' title='bbox 1240 767 1572 847; x_wconf 87' lang='lat' dir='ltr'>sapientum</span> <span class='ocrx_word' id='word_1_35' title='bbox 1599 766 1854 826; x_wconf 85' lang='lat' dir='ltr'>virorum</span> <span class='ocrx_word' id='word_1_36' title='bbox 1881 785 2158 844; x_wconf 86' lang='lat' dir='ltr'>magnam</span> <span class='ocrx_word' id='word_1_37' title='bbox 2199 764 2720 846; x_wconf 81' lang='lat' dir='ltr'>deprehenderunt</span> 
     </span>
     <span class='ocr_line' id='line_1_6' title="bbox 426 856 2716 939; baseline -0.001 -21"><span class='ocrx_word' id='word_1_38' title='bbox 426 859 751 939; x_wconf 88' lang='lat' dir='ltr'>penuriam.</span> <span class='ocrx_word' id='word_1_39' title='bbox 834 860 1043 938; x_wconf 82' lang='lat' dir='ltr'>Neque</span> <span class='ocrx_word' id='word_1_40' title='bbox 1065 859 1223 919; x_wconf 88' lang='lat' dir='ltr'>enim</span> <span class='ocrx_word' id='word_1_41' title='bbox 1260 856 1541 937; x_wconf 81' lang='lat' dir='ltr'>AEscbylo</span> <span class='ocrx_word' id='word_1_42' title='bbox 1569 878 1703 918; x_wconf 85' lang='lat' dir='ltr'>cum</span> <span class='ocrx_word' id='word_1_43' title='bbox 1731 858 2185 919; x_wconf 76' lang='lat' dir='ltr'>Atheniensibus</span> <span class='ocrx_word' id='word_1_44' title='bbox 2225 856 2716 927; x_wconf 84' lang='lat' dir='ltr'>conveniebat,—</span> 
     </span>
     <span class='ocr_line' id='line_1_7' title="bbox 426 948 2718 1031; baseline -0.003 -18"><span class='ocrx_word' id='word_1_45' title='bbox 426 954 699 1014; x_wconf 67' lang='lat' dir='ltr'>Xnvrn.</span> <span class='ocrx_word' id='word_1_46' title='bbox 743 952 971 1012; x_wconf 84' lang='lat' dir='ltr'>Multos</span> <span class='ocrx_word' id='word_1_47' title='bbox 998 952 1147 1012; x_wconf 84' lang='lat' dir='ltr'>forte</span> <span class='ocrx_word' id='word_1_48' title='bbox 1176 952 1326 1011; x_wconf 89' lang='lat' dir='ltr'>inter</span> <span class='ocrx_word' id='word_1_49' title='bbox 1372 970 1475 1010; x_wconf 88' lang='lat' dir='ltr'>eos</span> <span class='ocrx_word' id='word_1_50' title='bbox 1526 970 1659 1013; x_wconf 82' lang='lat' dir='ltr'>esse</span> <span class='ocrx_word' id='word_1_51' title='bbox 1705 953 1950 1031; x_wconf 87' lang='lat' dir='ltr'>putabat</span> <span class='ocrx_word' id='word_1_52' title='bbox 1998 951 2362 1030; x_wconf 74' lang='lat' dir='ltr'>perfossores</span> <span class='ocrx_word' id='word_1_53' title='bbox 2406 948 2718 1029; x_wconf 79' lang='lat' dir='ltr'>parietum.-</span> 
     </span>
     <span class='ocr_line' id='line_1_8' title="bbox 424 1038 2716 1123; baseline -0.002 -18"><span class='ocrx_word' id='word_1_54' title='bbox 424 1046 602 1107; x_wconf 70' lang='lat' dir='ltr'>AEAc.</span> <span class='ocrx_word' id='word_1_55' title='bbox 646 1046 943 1107; x_wconf 79' lang='lat' dir='ltr'>Proeterea</span> <span class='ocrx_word' id='word_1_56' title='bbox 969 1045 1112 1104; x_wconf 80' lang='lat' dir='ltr'><strong>nihil</strong></span> <span class='ocrx_word' id='word_1_57' title='bbox 1141 1042 1253 1104; x_wconf 89' lang='lat' dir='ltr'>nisi</span> <span class='ocrx_word' id='word_1_58' title='bbox 1274 1063 1465 1103; x_wconf 87' lang='lat' dir='ltr'>meras</span> <span class='ocrx_word' id='word_1_59' title='bbox 1494 1063 1688 1123; x_wconf 89' lang='lat' dir='ltr'>nugas</span> <span class='ocrx_word' id='word_1_60' title='bbox 1717 1062 1822 1103; x_wconf 84' lang='lat' dir='ltr'>eos</span> <span class='ocrx_word' id='word_1_61' title='bbox 1851 1046 2139 1104; x_wconf 87' lang='lat' dir='ltr'>consebat</span> <span class='ocrx_word' id='word_1_62' title='bbox 2183 1045 2248 1104; x_wconf 89' lang='lat' dir='ltr'>in</span> <span class='ocrx_word' id='word_1_63' title='bbox 2297 1038 2716 1121; x_wconf 77' lang='lat' dir='ltr'>dignoscendis</span> 
     </span>
     <span class='ocr_line' id='line_1_9' title="bbox 422 1132 2718 1218; baseline -0.002 -21"><span class='ocrx_word' id='word_1_64' title='bbox 422 1138 678 1218; x_wconf 88' lang='lat' dir='ltr'>ingeniis</span> <span class='ocrx_word' id='word_1_65' title='bbox 693 1140 1031 1218; x_wconf 69' lang='lat' dir='ltr'>poetarum.</span> <span class='ocrx_word' id='word_1_66' title='bbox 1056 1164 1063 1170; x_wconf 94' lang='lat'><strong>·</strong></span> <span class='ocrx_word' id='word_1_67' title='bbox 1113 1137 1265 1197; x_wconf 90' lang='lat' dir='ltr'>Rem</span> <span class='ocrx_word' id='word_1_68' title='bbox 1286 1136 1501 1197; x_wconf 89' lang='lat' dir='ltr'>deinde</span> <span class='ocrx_word' id='word_1_69' title='bbox 1523 1136 1942 1197; x_wconf 83' lang='lat' dir='ltr'>commiserunt</span> <span class='ocrx_word' id='word_1_70' title='bbox 1967 1136 2110 1197; x_wconf 90' lang='lat' dir='ltr'>hero</span> <span class='ocrx_word' id='word_1_71' title='bbox 2139 1148 2265 1209; x_wconf 88' lang='lat' dir='ltr'>tuo,</span> <span class='ocrx_word' id='word_1_72' title='bbox 2308 1138 2450 1214; x_wconf 88' lang='lat' dir='ltr'>quia</span> <span class='ocrx_word' id='word_1_73' title='bbox 2491 1132 2718 1212; x_wconf 86' lang='lat' dir='ltr'>peritus</span> 
     </span>
     <span class='ocr_line' id='line_1_10' title="bbox 426 1225 2716 1309; baseline -0.003 -18"><span class='ocrx_word' id='word_1_74' title='bbox 426 1231 569 1291; x_wconf 89' lang='lat' dir='ltr'>artis</span> <span class='ocrx_word' id='word_1_75' title='bbox 596 1241 739 1291; x_wconf 87' lang='lat' dir='ltr'>erat.</span> <span class='ocrx_word' id='word_1_76' title='bbox 824 1229 944 1291; x_wconf 85' lang='lat' dir='ltr'>Sed</span> <span class='ocrx_word' id='word_1_77' title='bbox 992 1228 1409 1309; x_wconf 87' lang='lat' dir='ltr'>ingrediamur.</span> <span class='ocrx_word' id='word_1_78' title='bbox 1495 1228 1651 1290; x_wconf 87' lang='lat' dir='ltr'>Nam</span> <span class='ocrx_word' id='word_1_79' title='bbox 1692 1249 1872 1308; x_wconf 92' lang='lat' dir='ltr'>quum</span> <span class='ocrx_word' id='word_1_80' title='bbox 1915 1228 2120 1308; x_wconf 85' lang='lat' dir='ltr'>majori</span> <span class='ocrx_word' id='word_1_81' title='bbox 2164 1226 2364 1290; x_wconf 89' lang='lat' dir='ltr'>studio</span> <span class='ocrx_word' id='word_1_82' title='bbox 2410 1225 2716 1307; x_wconf 81' lang='lat' dir='ltr'>quidpiam</span> 
     </span>
     <span class='ocr_line' id='line_1_11' title="bbox 426 1317 2718 1403; baseline -0.001 -21"><span class='ocrx_word' id='word_1_83' title='bbox 426 1335 615 1403; x_wconf 84' lang='lat' dir='ltr'>agunt</span> <span class='ocrx_word' id='word_1_84' title='bbox 627 1322 753 1383; x_wconf 88' lang='lat' dir='ltr'>heri</span> <span class='ocrx_word' id='word_1_85' title='bbox 782 1322 987 1395; x_wconf 87' lang='lat' dir='ltr'>nostri,</span> <span class='ocrx_word' id='word_1_86' title='bbox 1013 1332 1218 1402; x_wconf 85' lang='lat' dir='ltr'>parata</span> <span class='ocrx_word' id='word_1_87' title='bbox 1247 1322 1415 1382; x_wconf 87' lang='lat' dir='ltr'>nobis</span> <span class='ocrx_word' id='word_1_88' title='bbox 1441 1332 1583 1381; x_wconf 89' lang='lat' dir='ltr'>sunt</span> <span class='ocrx_word' id='word_1_89' title='bbox 1608 1323 1871 1382; x_wconf 83' lang='lat' dir='ltr'>verbera.</span> <span class='ocrx_word' id='word_1_90' title='bbox 1957 1322 2172 1382; x_wconf 73' lang='lat' dir='ltr'>Cnoa.</span> <span class='ocrx_word' id='word_1_91' title='bbox 2217 1321 2499 1391; x_wconf 89' lang='lat' dir='ltr'>Mirabor,</span> <span class='ocrx_word' id='word_1_92' title='bbox 2525 1318 2588 1378; x_wconf 90' lang='lat' dir='ltr'>ni</span> <span class='ocrx_word' id='word_1_93' title='bbox 2631 1317 2718 1379; x_wconf 77' lang='lat' dir='ltr'>vir</span> 
     </span>
     <span class='ocr_line' id='line_1_12' title="bbox 424 1410 2718 1496; baseline -0.002 -21"><span class='ocrx_word' id='word_1_94' title='bbox 424 1414 847 1495; x_wconf 71' lang='lat' dir='ltr'>grandiloquus</span> <span class='ocrx_word' id='word_1_95' title='bbox 872 1414 1225 1475; x_wconf 82' lang='lat' dir='ltr'>horrendam</span> <span class='ocrx_word' id='word_1_96' title='bbox 1252 1415 1397 1473; x_wconf 89' lang='lat' dir='ltr'>iram</span> <span class='ocrx_word' id='word_1_97' title='bbox 1443 1415 1503 1473; x_wconf 91' lang='lat' dir='ltr'>in</span> <span class='ocrx_word' id='word_1_98' title='bbox 1550 1414 1886 1496; x_wconf 80' lang='lat' dir='ltr'>proecordiis</span> <span class='ocrx_word' id='word_1_99' title='bbox 1927 1415 2142 1488; x_wconf 82' lang='lat' dir='ltr'>foveat,</span> <span class='ocrx_word' id='word_1_100' title='bbox 2185 1410 2427 1492; x_wconf 85' lang='lat' dir='ltr'>quaudo</span> <span class='ocrx_word' id='word_1_101' title='bbox 2463 1410 2718 1471; x_wconf 85' lang='lat' dir='ltr'>celerem</span> 
     </span>
     <span class='ocr_line' id='line_1_13' title="bbox 420 1504 2720 1587; baseline -0.002 -20"><span class='ocrx_word' id='word_1_102' title='bbox 420 1507 843 1587; x_wconf 70' lang='lat' dir='ltr'>loquacitatem</span> <span class='ocrx_word' id='word_1_103' title='bbox 870 1506 1295 1566; x_wconf 79' lang='lat' dir='ltr'>animadvertet</span> <span class='ocrx_word' id='word_1_104' title='bbox 1322 1506 1529 1565; x_wconf 89' lang='lat' dir='ltr'>dentes</span> <span class='ocrx_word' id='word_1_105' title='bbox 1560 1508 1904 1567; x_wconf 81' lang='lat' dir='ltr'>exacuentis</span> <span class='ocrx_word' id='word_1_106' title='bbox 1933 1507 2288 1569; x_wconf 83' lang='lat' dir='ltr'>adversarii:</span> <span class='ocrx_word' id='word_1_107' title='bbox 2325 1518 2450 1565; x_wconf 82' lang='lat' dir='ltr'>tum</span> <span class='ocrx_word' id='word_1_108' title='bbox 2477 1504 2720 1564; x_wconf 86' lang='lat' dir='ltr'>demum</span> 
     </span>
     <span class='ocr_line' id='line_1_14' title="bbox 422 1596 2720 1680; baseline -0.002 -20"><span class='ocrx_word' id='word_1_109' title='bbox 422 1618 549 1680; x_wconf 76' lang='lat' dir='ltr'>proe</span> <span class='ocrx_word' id='word_1_110' title='bbox 575 1599 771 1659; x_wconf 82' lang='lat' dir='ltr'>furore</span> <span class='ocrx_word' id='word_1_111' title='bbox 794 1600 1075 1659; x_wconf 89' lang='lat' dir='ltr'>acerrimo</span> <span class='ocrx_word' id='word_1_112' title='bbox 1108 1596 1311 1657; x_wconf 88' lang='lat' dir='ltr'>oculos</span> <span class='ocrx_word' id='word_1_113' title='bbox 1353 1596 1764 1676; x_wconf 85' lang='lat' dir='ltr'>distorquebit.</span> <span class='ocrx_word' id='word_1_114' title='bbox 1849 1599 2123 1661; x_wconf 83' lang='lat' dir='ltr'>Existent</span> <span class='ocrx_word' id='word_1_115' title='bbox 2163 1608 2360 1659; x_wconf 87' lang='lat' dir='ltr'>autem</span> <span class='ocrx_word' id='word_1_116' title='bbox 2403 1598 2720 1657; x_wconf 76' lang='lat' dir='ltr'>verborum</span> 
     </span>
     <span class='ocr_line' id='line_1_15' title="bbox 424 1688 2723 1770; baseline -0.002 -17"><span class='ocrx_word' id='word_1_117' title='bbox 424 1690 545 1753; x_wconf 89' lang='lat' dir='ltr'>alte</span> <span class='ocrx_word' id='word_1_118' title='bbox 571 1694 943 1752; x_wconf 88' lang='lat' dir='ltr'>cristatorum</span> <span class='ocrx_word' id='word_1_119' title='bbox 990 1688 1241 1770; x_wconf 83' lang='lat' dir='ltr'>galeatee</span> <span class='ocrx_word' id='word_1_120' title='bbox 1279 1698 1341 1747; x_wconf 84' lang='lat' dir='ltr'>et</span> <span class='ocrx_word' id='word_1_121' title='bbox 1376 1689 1612 1751; x_wconf 84' lang='lat' dir='ltr'>veloces</span> <span class='ocrx_word' id='word_1_122' title='bbox 1659 1692 2152 1765; x_wconf 77' lang='lat' dir='ltr'>concertationes,</span> <span class='ocrx_word' id='word_1_123' title='bbox 2195 1688 2723 1768; x_wconf 87' lang='lat' dir='ltr'>scindularumque</span> 
     </span>
     <span class='ocr_line' id='line_1_16' title="bbox 424 1772 2720 1863; baseline -0.002 -16"><span class='ocrx_word' id='word_1_124' title='bbox 424 1784 725 1847; x_wconf 86' lang='lat' dir='ltr'>subtilium</span> <span class='ocrx_word' id='word_1_125' title='bbox 766 1784 1026 1845; x_wconf 80' lang='lat' dir='ltr'>audaces</span> <span class='ocrx_word' id='word_1_126' title='bbox 1066 1772 1409 1855; x_wconf 79' lang='lat' dir='ltr'>rotatio&#39;nes‚</span> <span class='ocrx_word' id='word_1_127' title='bbox 1456 1792 1518 1843; x_wconf 85' lang='lat' dir='ltr'>et</span> <span class='ocrx_word' id='word_1_128' title='bbox 1560 1792 1830 1843; x_wconf 87' lang='lat' dir='ltr'>ramenta</span> <span class='ocrx_word' id='word_1_129' title='bbox 1877 1803 2141 1863; x_wconf 88' lang='lat' dir='ltr'>operum,</span> <span class='ocrx_word' id='word_1_130' title='bbox 2183 1782 2478 1843; x_wconf 85' lang='lat' dir='ltr'>refutante</span> <span class='ocrx_word' id='word_1_131' title='bbox 2527 1781 2720 1843; x_wconf 85' lang='lat' dir='ltr'>altero</span> 
     </span>
     <span class='ocr_line' id='line_1_17' title="bbox 422 1875 2721 1956; baseline -0.001 -18"><span class='ocrx_word' id='word_1_132' title='bbox 422 1877 815 1939; x_wconf 79' lang='lat' dir='ltr'>viro‘artifieis</span> <span class='ocrx_word' id='word_1_133' title='bbox 832 1876 1124 1956; x_wconf 83' lang='lat' dir='ltr'>ingeniosi</span> <span class='ocrx_word' id='word_1_134' title='bbox 1154 1875 1331 1935; x_wconf 81' lang='lat' dir='ltr'>verba</span> <span class='ocrx_word' id='word_1_135' title='bbox 1360 1875 1818 1954; x_wconf 85' lang='lat' dir='ltr'>sesquipedalia.</span> <span class='ocrx_word' id='word_1_136' title='bbox 1900 1876 2048 1937; x_wconf 86' lang='lat' dir='ltr'>Tum</span> <span class='ocrx_word' id='word_1_137' title='bbox 2077 1877 2190 1936; x_wconf 87' lang='lat' dir='ltr'>iste</span> <span class='ocrx_word' id='word_1_138' title='bbox 2211 1875 2444 1955; x_wconf 84' lang='lat' dir='ltr'>erigens</span> <span class='ocrx_word' id='word_1_139' title='bbox 2473 1893 2721 1935; x_wconf 84' lang='lat' dir='ltr'>coman-</span> 
     </span>
     <span class='ocr_line' id='line_1_18' title="bbox 424 1962 2719 2048; baseline -0.002 -17"><span class='ocrx_word' id='word_1_140' title='bbox 424 1962 501 2031; x_wconf 86' lang='lat' dir='ltr'>tis</span> <span class='ocrx_word' id='word_1_141' title='bbox 539 1969 780 2031; x_wconf 76' lang='lat' dir='ltr'>cervicis</span> <span class='ocrx_word' id='word_1_142' title='bbox 806 1969 1089 2029; x_wconf 85' lang='lat' dir='ltr'>hirsutam</span> <span class='ocrx_word' id='word_1_143' title='bbox 1118 1977 1329 2040; x_wconf 79' lang='lat' dir='ltr'>setam,-</span> <span class='ocrx_word' id='word_1_144' title='bbox 1354 1967 1634 2028; x_wconf 86' lang='lat' dir='ltr'>horribile</span> <span class='ocrx_word' id='word_1_145' title='bbox 1655 1968 2030 2048; x_wconf 84' lang='lat' dir='ltr'>supercilium</span> <span class='ocrx_word' id='word_1_146' title='bbox 2051 1968 2432 2041; x_wconf 83' lang='lat' dir='ltr'>contrahens,</span> <span class='ocrx_word' id='word_1_147' title='bbox 2451 1968 2719 2047; x_wconf 76' lang='lat' dir='ltr'>rugiens,</span> 
     </span>
     <span class='ocr_line' id='line_1_19' title="bbox 425 2058 2760 2143; baseline 0 -20"><span class='ocrx_word' id='word_1_148' title='bbox 425 2062 655 2124; x_wconf 88' lang='lat' dir='ltr'>emittet</span> <span class='ocrx_word' id='word_1_149' title='bbox 675 2063 855 2122; x_wconf 82' lang='lat' dir='ltr'>verba</span> <span class='ocrx_word' id='word_1_150' title='bbox 882 2060 1313 2143; x_wconf 80' lang='lat' dir='ltr'>compaginata,</span> <span class='ocrx_word' id='word_1_151' title='bbox 1350 2070 1634 2139; x_wconf 88' lang='lat' dir='ltr'>tanquam</span> <span class='ocrx_word' id='word_1_152' title='bbox 1671 2058 1927 2132; x_wconf 87' lang='lat' dir='ltr'>tabulas,</span> <span class='ocrx_word' id='word_1_153' title='bbox 1969 2081 2040 2122; x_wconf 87' lang='lat' dir='ltr'>ea</span> <span class='ocrx_word' id='word_1_154' title='bbox 2083 2060 2394 2132; x_wconf 86' lang='lat' dir='ltr'>revellens,</span> <span class='ocrx_word' id='word_1_155' title='bbox 2433 2060 2719 2141; x_wconf 85' lang='lat' dir='ltr'>giganteo</span> <span class='ocrx_word' id='word_1_156' title='bbox 2747 2103 2760 2124; x_wconf 81' lang='grc'>.</span> 
     </span>
     <span class='ocr_line' id='line_1_20' title="bbox 426 2152 2720 2236; baseline -0.002 -19"><span class='ocrx_word' id='word_1_157' title='bbox 426 2156 651 2236; x_wconf 79' lang='lat' dir='ltr'>spiritu.</span> <span class='ocrx_word' id='word_1_158' title='bbox 736 2154 891 2215; x_wconf 90' lang='lat' dir='ltr'>Hinc</span> <span class='ocrx_word' id='word_1_159' title='bbox 929 2154 1053 2235; x_wconf 85' lang='lat' dir='ltr'>jam</span> <span class='ocrx_word' id='word_1_160' title='bbox 1095 2153 1329 2213; x_wconf 87' lang='lat' dir='ltr'>dicendi</span> <span class='ocrx_word' id='word_1_161' title='bbox 1372 2154 1674 2232; x_wconf 84' lang='lat' dir='ltr'>magistra,</span> <span class='ocrx_word' id='word_1_162' title='bbox 1719 2173 1994 2215; x_wconf 83' lang='lat' dir='ltr'>versuum</span> <span class='ocrx_word' id='word_1_163' title='bbox 2036 2153 2460 2225; x_wconf 79' lang='lat' dir='ltr'>examinatrix,·</span> <span class='ocrx_word' id='word_1_164' title='bbox 2492 2152 2720 2213; x_wconf 84' lang='lat' dir='ltr'>lubrica</span> 
     </span>
     <span class='ocr_line' id='line_1_21' title="bbox 423 2244 2720 2331; baseline -0.003 -21"><span class='ocrx_word' id='word_1_165' title='bbox 423 2250 633 2331; x_wconf 85' lang='lat' dir='ltr'>lingua</span> <span class='ocrx_word' id='word_1_166' title='bbox 676 2248 949 2309; x_wconf 85' lang='lat' dir='ltr'>volubilis</span> <span class='ocrx_word' id='word_1_167' title='bbox 988 2246 1309 2307; x_wconf 84' lang='lat' dir='ltr'>invidiosos</span> <span class='ocrx_word' id='word_1_168' title='bbox 1358 2247 1708 2307; x_wconf 87' lang='lat' dir='ltr'>concutiens</span> <span class='ocrx_word' id='word_1_169' title='bbox 1754 2247 1974 2319; x_wconf 86' lang='lat' dir='ltr'>frenos,</span> <span class='ocrx_word' id='word_1_170' title='bbox 2016 2246 2340 2308; x_wconf 89' lang='lat' dir='ltr'>concidens</span> <span class='ocrx_word' id='word_1_171' title='bbox 2395 2244 2720 2307; x_wconf 83' lang='lat' dir='ltr'>adversarii</span> 
     </span>
     <span class='ocr_line' id='line_1_22' title="bbox 426 2338 2256 2419; baseline -0.002 -15"><span class='ocrx_word' id='word_1_172' title='bbox 426 2344 627 2416; x_wconf 73' lang='lat' dir='ltr'>verba,</span> <span class='ocrx_word' id='word_1_173' title='bbox 655 2340 989 2403; x_wconf 77' lang='lat' dir='ltr'>minutatim</span> <span class='ocrx_word' id='word_1_174' title='bbox 1014 2339 1241 2399; x_wconf 85' lang='lat' dir='ltr'>refellet</span> <span class='ocrx_word' id='word_1_175' title='bbox 1261 2338 1604 2418; x_wconf 90' lang='lat' dir='ltr'>pulmonum</span> <span class='ocrx_word' id='word_1_176' title='bbox 1633 2338 1948 2419; x_wconf 87' lang='lat' dir='ltr'>plurimum</span> <span class='ocrx_word' id='word_1_177' title='bbox 1974 2339 2256 2401; x_wconf 89' lang='lat' dir='ltr'>laborem.</span> 
     </span>
    </p>

    <p class='ocr_par' dir='ltr' id='par_1_3' title="bbox 420 2430 2724 4465">
     <span class='ocr_line' id='line_1_23' title="bbox 422 2430 2722 2512; baseline -0.002 -17"><span class='ocrx_word' id='word_1_178' title='bbox 422 2472 427 2477; x_wconf 86' lang='lat'><strong>·</strong></span> <span class='ocrx_word' id='word_1_179' title='bbox 510 2436 677 2495; x_wconf 76' lang='lat' dir='ltr'>Eua.</span> <span class='ocrx_word' id='word_1_180' title='bbox 721 2432 919 2493; x_wconf 90' lang='lat' dir='ltr'>Nolim</span> <span class='ocrx_word' id='word_1_181' title='bbox 958 2451 997 2492; x_wconf 91' lang='lat' dir='ltr'>a</span> <span class='ocrx_word' id='word_1_182' title='bbox 1032 2432 1181 2493; x_wconf 82' lang='lat' dir='ltr'>solio</span> <span class='ocrx_word' id='word_1_183' title='bbox 1203 2430 1508 2505; x_wconf 86' lang='lat' dir='ltr'>desistere,</span> <span class='ocrx_word' id='word_1_184' title='bbox 1537 2452 1612 2491; x_wconf 88' lang='lat' dir='ltr'>ne</span> <span class='ocrx_word' id='word_1_185' title='bbox 1642 2432 2011 2493; x_wconf 85' lang='lat' dir='ltr'>adhorteris:</span> <span class='ocrx_word' id='word_1_186' title='bbox 2068 2452 2204 2493; x_wconf 88' lang='lat' dir='ltr'>nam</span> <span class='ocrx_word' id='word_1_187' title='bbox 2232 2434 2348 2495; x_wconf 87' lang='lat' dir='ltr'>isto</span> <span class='ocrx_word' id='word_1_188' title='bbox 2395 2452 2490 2493; x_wconf 91' lang='lat' dir='ltr'>me</span> <span class='ocrx_word' id='word_1_189' title='bbox 2524 2430 2722 2512; x_wconf 88' lang='lat' dir='ltr'>potio-</span> 
     </span>
     <span class='ocr_line' id='line_1_24' title="bbox 426 2522 2714 2606; baseline -0.004 -15"><span class='ocrx_word' id='word_1_190' title='bbox 426 2547 551 2591; x_wconf 83' lang='lat' dir='ltr'>rem</span> <span class='ocrx_word' id='word_1_191' title='bbox 598 2546 735 2589; x_wconf 85' lang='lat' dir='ltr'>esse</span> <span class='ocrx_word' id='word_1_192' title='bbox 778 2527 874 2585; x_wconf 92' lang='lat' dir='ltr'>aio</span> <span class='ocrx_word' id='word_1_193' title='bbox 916 2524 975 2583; x_wconf 88' lang='lat' dir='ltr'>in</span> <span class='ocrx_word' id='word_1_194' title='bbox 1020 2534 1143 2584; x_wconf 83' lang='lat' dir='ltr'>arte</span> <span class='ocrx_word' id='word_1_195' title='bbox 1196 2535 1419 2585; x_wconf 85' lang='lat' dir='ltr'>nostra.</span> <span class='ocrx_word' id='word_1_196' title='bbox 1503 2524 1755 2588; x_wconf 66' lang='lat' dir='ltr'>Bacca.</span> <span class='ocrx_word' id='word_1_197' title='bbox 1797 2524 2094 2606; x_wconf 82' lang='lat' dir='ltr'>AEschyle,</span> <span class='ocrx_word' id='word_1_198' title='bbox 2148 2526 2292 2605; x_wconf 89' lang='lat' dir='ltr'>quid</span> <span class='ocrx_word' id='word_1_199' title='bbox 2346 2522 2552 2587; x_wconf 69' lang='lat' dir='ltr'>taces?</span> <span class='ocrx_word' id='word_1_200' title='bbox 2593 2542 2714 2583; x_wconf 86' lang='lat' dir='ltr'>non</span> 
     </span>
     <span class='ocr_line' id='line_1_25' title="bbox 420 2616 2722 2701; baseline -0.003 -18"><span class='ocrx_word' id='word_1_201' title='bbox 420 2620 587 2683; x_wconf 85' lang='lat' dir='ltr'>enim</span> <span class='ocrx_word' id='word_1_202' title='bbox 609 2630 669 2680; x_wconf 88' lang='lat' dir='ltr'>te</span> <span class='ocrx_word' id='word_1_203' title='bbox 692 2618 929 2698; x_wconf 85' lang='lat' dir='ltr'>fugiunt</span> <span class='ocrx_word' id='word_1_204' title='bbox 953 2618 1085 2677; x_wconf 79' lang='lat' dir='ltr'>hoec</span> <span class='ocrx_word' id='word_1_205' title='bbox 1120 2616 1301 2679; x_wconf 83' lang='lat' dir='ltr'>dicta.</span> <span class='ocrx_word' id='word_1_206' title='bbox 1384 2616 1554 2679; x_wconf 76' lang='lat' dir='ltr'>Eun.</span> <span class='ocrx_word' id='word_1_207' title='bbox 1598 2618 1750 2677; x_wconf 91' lang='lat' dir='ltr'>Cum</span> <span class='ocrx_word' id='word_1_208' title='bbox 1795 2618 2082 2697; x_wconf 83' lang='lat' dir='ltr'>gravitate</span> <span class='ocrx_word' id='word_1_209' title='bbox 2127 2618 2490 2701; x_wconf 74' lang='lat' dir='ltr'>aliquamdiu</span> <span class='ocrx_word' id='word_1_210' title='bbox 2537 2616 2722 2677; x_wconf 84' lang='lat' dir='ltr'>stabit</span> 
     </span>
     <span class='ocr_line' id='line_1_26' title="bbox 424 2707 2722 2792; baseline -0.003 -16"><span class='ocrx_word' id='word_1_211' title='bbox 424 2714 641 2777; x_wconf 83' lang='lat' dir='ltr'>tacitus</span> <span class='ocrx_word' id='word_1_212' title='bbox 677 2712 886 2791; x_wconf 86' lang='lat' dir='ltr'>primo,</span> <span class='ocrx_word' id='word_1_213' title='bbox 915 2709 976 2768; x_wconf 91' lang='lat' dir='ltr'>id</span> <span class='ocrx_word' id='word_1_214' title='bbox 1005 2707 1165 2789; x_wconf 92' lang='lat' dir='ltr'>quod</span> <span class='ocrx_word' id='word_1_215' title='bbox 1200 2708 1519 2770; x_wconf 84' lang='lat' dir='ltr'>identidem</span> <span class='ocrx_word' id='word_1_216' title='bbox 1549 2712 1608 2771; x_wconf 90' lang='lat' dir='ltr'>in</span> <span class='ocrx_word' id='word_1_217' title='bbox 1639 2710 1941 2789; x_wconf 85' lang='lat' dir='ltr'>tragoediis</span> <span class='ocrx_word' id='word_1_218' title='bbox 1976 2710 2286 2772; x_wconf 86' lang='lat' dir='ltr'>factitabat</span> <span class='ocrx_word' id='word_1_219' title='bbox 2321 2709 2722 2792; x_wconf 59' lang='lat' dir='ltr'>praestigiator</span> 
     </span>
     <span class='ocr_line' id='line_1_27' title="bbox 426 2802 2720 2884; baseline -0.002 -16"><span class='ocrx_word' id='word_1_220' title='bbox 426 2806 565 2869; x_wconf 86' lang='lat' dir='ltr'>ille.·</span> <span class='ocrx_word' id='word_1_221' title='bbox 632 2805 883 2865; x_wconf 68' lang='lat' dir='ltr'>Bacca.</span> <span class='ocrx_word' id='word_1_222' title='bbox 926 2802 981 2862; x_wconf 94' lang='grc' dir='ltr'><strong>Ο</strong></span> <span class='ocrx_word' id='word_1_223' title='bbox 1009 2804 1185 2873; x_wconf 88' lang='lat' dir='ltr'>bone,</span> <span class='ocrx_word' id='word_1_224' title='bbox 1214 2822 1291 2863; x_wconf 90' lang='lat' dir='ltr'>ne</span> <span class='ocrx_word' id='word_1_225' title='bbox 1338 2803 1512 2863; x_wconf 87' lang='lat' dir='ltr'>nimis</span> <span class='ocrx_word' id='word_1_226' title='bbox 1553 2822 1772 2882; x_wconf 87' lang='lat' dir='ltr'>magna</span> <span class='ocrx_word' id='word_1_227' title='bbox 1821 2804 2084 2883; x_wconf 88' lang='lat' dir='ltr'>loquere.</span> <span class='ocrx_word' id='word_1_228' title='bbox 2169 2804 2339 2865; x_wconf 76' lang='lat' dir='ltr'>Eun.</span> <span class='ocrx_word' id='word_1_229' title='bbox 2385 2804 2514 2884; x_wconf 87' lang='lat' dir='ltr'>Ego</span> <span class='ocrx_word' id='word_1_230' title='bbox 2559 2802 2720 2863; x_wconf 86' lang='lat' dir='ltr'>hunc</span> 
     </span>
     <span class='ocr_line' id='line_1_28' title="bbox 424 2894 2724 2977; baseline -0.003 -17"><span class='ocrx_word' id='word_1_231' title='bbox 424 2898 589 2972; x_wconf 82' lang='lat' dir='ltr'>novi,</span> <span class='ocrx_word' id='word_1_232' title='bbox 614 2909 676 2958; x_wconf 87' lang='lat' dir='ltr'>et</span> <span class='ocrx_word' id='word_1_233' title='bbox 697 2896 923 2976; x_wconf 82' lang='lat' dir='ltr'>dudum</span> <span class='ocrx_word' id='word_1_234' title='bbox 950 2895 1243 2975; x_wconf 83' lang='lat' dir='ltr'>perspexi,</span> <span class='ocrx_word' id='word_1_235' title='bbox 1270 2895 1568 2957; x_wconf 87' lang='lat' dir='ltr'>hominem</span> <span class='ocrx_word' id='word_1_236' title='bbox 1596 2896 1750 2957; x_wconf 87' lang='lat' dir='ltr'>feros</span> <span class='ocrx_word' id='word_1_237' title='bbox 1781 2898 2099 2977; x_wconf 85' lang='lat' dir='ltr'>fingentem</span> <span class='ocrx_word' id='word_1_238' title='bbox 2127 2914 2347 2969; x_wconf 81' lang='lat' dir='ltr'>mores,</span> <span class='ocrx_word' id='word_1_239' title='bbox 2383 2894 2724 2957; x_wconf 85' lang='lat' dir='ltr'>contumaci</span> 
     </span>
     <span class='ocr_line' id='line_1_29' title="bbox 423 2988 2724 3073; baseline -0.001 -20"><span class='ocrx_word' id='word_1_240' title='bbox 423 2991 759 3073; x_wconf 78' lang='lat' dir='ltr'>praeditum,</span> <span class='ocrx_word' id='word_1_241' title='bbox 783 2989 1008 3061; x_wconf 85' lang='lat' dir='ltr'>effreni,</span> <span class='ocrx_word' id='word_1_242' title='bbox 1034 2988 1363 3067; x_wconf 87' lang='lat' dir='ltr'>impotenti,</span> <span class='ocrx_word' id='word_1_243' title='bbox 1392 2998 1453 3049; x_wconf 89' lang='lat' dir='ltr'>et</span> <span class='ocrx_word' id='word_1_244' title='bbox 1479 2988 1767 3069; x_wconf 85' lang='lat' dir='ltr'>bipatenti</span> <span class='ocrx_word' id='word_1_245' title='bbox 1795 3009 1916 3063; x_wconf 88' lang='lat' dir='ltr'>ore,</span> <span class='ocrx_word' id='word_1_246' title='bbox 1945 2991 2072 3049; x_wconf 88' lang='lat' dir='ltr'>sine</span> <span class='ocrx_word' id='word_1_247' title='bbox 2099 2988 2223 3050; x_wconf 89' lang='lat' dir='ltr'>ullo</span> <span class='ocrx_word' id='word_1_248' title='bbox 2252 2988 2430 3051; x_wconf 88' lang='lat' dir='ltr'>modo</span> <span class='ocrx_word' id='word_1_249' title='bbox 2469 2988 2724 3069; x_wconf 84' lang='lat' dir='ltr'>loquen-</span> 
     </span>
     <span class='ocr_line' id='line_1_30' title="bbox 426 3080 2722 3160; baseline -0.001 -15"><span class='ocrx_word' id='word_1_250' title='bbox 426 3094 569 3156; x_wconf 85' lang='lat' dir='ltr'>tem,</span> <span class='ocrx_word' id='word_1_251' title='bbox 595 3080 837 3160; x_wconf 87' lang='lat' dir='ltr'>turgida</span> <span class='ocrx_word' id='word_1_252' title='bbox 861 3081 1041 3141; x_wconf 79' lang='lat' dir='ltr'>verba</span> <span class='ocrx_word' id='word_1_253' title='bbox 1064 3080 1407 3141; x_wconf 91' lang='lat' dir='ltr'>cumulatim</span> <span class='ocrx_word' id='word_1_254' title='bbox 1435 3080 1804 3143; x_wconf 85' lang='lat' dir='ltr'>fundentem.</span> <span class='ocrx_word' id='word_1_255' title='bbox 1885 3084 2104 3143; x_wconf 77' lang='lat' dir='ltr'>AEscn.</span> <span class='ocrx_word' id='word_1_256' title='bbox 2151 3082 2342 3155; x_wconf 86' lang='lat' dir='ltr'>Itane,</span> <span class='ocrx_word' id='word_1_257' title='bbox 2369 3100 2408 3143; x_wconf 93' lang='lat' dir='ltr'>o</span> <span class='ocrx_word' id='word_1_258' title='bbox 2431 3082 2516 3141; x_wconf 83' lang='lat' dir='ltr'>fili</span> <span class='ocrx_word' id='word_1_259' title='bbox 2540 3082 2722 3143; x_wconf 83' lang='lat' dir='ltr'>rusti-</span> 
     </span>
     <span class='ocr_line' id='line_1_31' title="bbox 428 3172 2722 3251; baseline 0 -15"><span class='ocrx_word' id='word_1_260' title='bbox 428 3194 520 3237; x_wconf 77' lang='lat' dir='ltr'>cae</span> <span class='ocrx_word' id='word_1_261' title='bbox 536 3172 730 3235; x_wconf 74' lang='lat' dir='ltr'>divae?</span> <span class='ocrx_word' id='word_1_262' title='bbox 755 3184 819 3231; x_wconf 87' lang='lat' dir='ltr'>tu</span> <span class='ocrx_word' id='word_1_263' title='bbox 849 3172 909 3231; x_wconf 92' lang='lat' dir='ltr'>in</span> <span class='ocrx_word' id='word_1_264' title='bbox 938 3192 1031 3233; x_wconf 89' lang='lat' dir='ltr'>me</span> <span class='ocrx_word' id='word_1_265' title='bbox 1058 3172 1189 3231; x_wconf 74' lang='lat' dir='ltr'>haec</span> <span class='ocrx_word' id='word_1_266' title='bbox 1218 3172 1390 3246; x_wconf 87' lang='lat' dir='ltr'>dieis,</span> <span class='ocrx_word' id='word_1_267' title='bbox 1417 3192 1455 3232; x_wconf 94' lang='lat' dir='ltr'>o</span> <span class='ocrx_word' id='word_1_268' title='bbox 1482 3173 2044 3235; x_wconf 86' lang='lat' dir='ltr'>blateramentorum</span> <span class='ocrx_word' id='word_1_269' title='bbox 2073 3174 2380 3251; x_wconf 88' lang='lat' dir='ltr'>collector,</span> <span class='ocrx_word' id='word_1_270' title='bbox 2407 3184 2470 3235; x_wconf 91' lang='lat' dir='ltr'>et</span> <span class='ocrx_word' id='word_1_271' title='bbox 2491 3174 2722 3237; x_wconf 88' lang='lat' dir='ltr'>mendi-</span> 
     </span>
     <span class='ocr_line' id='line_1_32' title="bbox 426 3265 2722 3347; baseline -0 -18"><span class='ocrx_word' id='word_1_272' title='bbox 426 3286 631 3329; x_wconf 88' lang='lat' dir='ltr'>corum</span> <span class='ocrx_word' id='word_1_273' title='bbox 667 3266 854 3337; x_wconf 84' lang='lat' dir='ltr'>lictor,</span> <span class='ocrx_word' id='word_1_274' title='bbox 899 3273 961 3325; x_wconf 85' lang='lat' dir='ltr'>et</span> <span class='ocrx_word' id='word_1_275' title='bbox 1003 3282 1330 3343; x_wconf 86' lang='lat' dir='ltr'>pannorum</span> <span class='ocrx_word' id='word_1_276' title='bbox 1377 3265 1705 3326; x_wconf 74' lang='lat' dir='ltr'>consutor?</span> <span class='ocrx_word' id='word_1_277' title='bbox 1761 3276 1826 3327; x_wconf 87' lang='lat' dir='ltr'>at</span> <span class='ocrx_word' id='word_1_278' title='bbox 1870 3266 2008 3327; x_wconf 87' lang='lat' dir='ltr'>faxo</span> <span class='ocrx_word' id='word_1_279' title='bbox 2055 3278 2124 3325; x_wconf 87' lang='lat' dir='ltr'>ut</span> <span class='ocrx_word' id='word_1_280' title='bbox 2167 3287 2303 3329; x_wconf 88' lang='lat' dir='ltr'>cum</span> <span class='ocrx_word' id='word_1_281' title='bbox 2351 3284 2572 3347; x_wconf 82' lang='lat' dir='ltr'>magno</span> <span class='ocrx_word' id='word_1_282' title='bbox 2613 3278 2722 3329; x_wconf 89' lang='lat' dir='ltr'>tuo</span> 
     </span>
     <span class='ocr_line' id='line_1_33' title="bbox 426 3355 2718 3441; baseline 0.001 -20"><span class='ocrx_word' id='word_1_283' title='bbox 426 3362 585 3421; x_wconf 89' lang='lat' dir='ltr'>malo</span> <span class='ocrx_word' id='word_1_284' title='bbox 606 3356 843 3419; x_wconf 84' lang='lat' dir='ltr'>dixeris.</span> <span class='ocrx_word' id='word_1_285' title='bbox 884 3355 1135 3417; x_wconf 64' lang='lat' dir='ltr'>Bacca.</span> <span class='ocrx_word' id='word_1_286' title='bbox 1178 3356 1423 3431; x_wconf 86' lang='lat' dir='ltr'>Desine,</span> <span class='ocrx_word' id='word_1_287' title='bbox 1450 3358 1746 3441; x_wconf 84' lang='lat' dir='ltr'>AEschyle,</span> <span class='ocrx_word' id='word_1_288' title='bbox 1777 3378 1926 3420; x_wconf 86' lang='lat' dir='ltr'>neve</span> <span class='ocrx_word' id='word_1_289' title='bbox 1954 3359 2360 3421; x_wconf 84' lang='lat' dir='ltr'>excandescas</span> <span class='ocrx_word' id='word_1_290' title='bbox 2389 3359 2718 3423; x_wconf 83' lang='lat' dir='ltr'>iracundia.</span> 
     </span>
     <span class='ocr_line' id='line_1_34' title="bbox 430 3450 2722 3535; baseline -0.001 -18"><span class='ocrx_word' id='word_1_291' title='bbox 430 3456 651 3517; x_wconf 78' lang='lat' dir='ltr'>AEscn.</span> <span class='ocrx_word' id='word_1_292' title='bbox 694 3450 940 3511; x_wconf 83' lang='lat' dir='ltr'>Minime</span> <span class='ocrx_word' id='word_1_293' title='bbox 982 3468 1144 3521; x_wconf 82' lang='lat' dir='ltr'>vero,</span> <span class='ocrx_word' id='word_1_294' title='bbox 1186 3450 1529 3530; x_wconf 85' lang='lat' dir='ltr'>priusquam</span> <span class='ocrx_word' id='word_1_295' title='bbox 1569 3451 1888 3513; x_wconf 87' lang='lat' dir='ltr'>ostendero</span> <span class='ocrx_word' id='word_1_296' title='bbox 1933 3453 2262 3535; x_wconf 87' lang='lat' dir='ltr'>perspicue,</span> <span class='ocrx_word' id='word_1_297' title='bbox 2301 3453 2498 3533; x_wconf 82' lang='lat' dir='ltr'>qualis</span> <span class='ocrx_word' id='word_1_298' title='bbox 2539 3453 2722 3515; x_wconf 89' lang='lat' dir='ltr'>homo</span> 
     </span>
     <span class='ocr_line' id='line_1_35' title="bbox 426 3543 2724 3625; baseline -0 -17"><span class='ocrx_word' id='word_1_299' title='bbox 426 3547 509 3614; x_wconf 64' lang='lat' dir='ltr'>ait</span> <span class='ocrx_word' id='word_1_300' title='bbox 531 3546 645 3606; x_wconf 83' lang='lat' dir='ltr'>iste</span> <span class='ocrx_word' id='word_1_301' title='bbox 662 3544 1007 3605; x_wconf 87' lang='lat' dir='ltr'>claudorum</span> <span class='ocrx_word' id='word_1_302' title='bbox 1034 3543 1223 3616; x_wconf 83' lang='lat' dir='ltr'>fictor,</span> <span class='ocrx_word' id='word_1_303' title='bbox 1251 3544 1352 3622; x_wconf 86' lang='lat' dir='ltr'>qui</span> <span class='ocrx_word' id='word_1_304' title='bbox 1382 3564 1541 3604; x_wconf 88' lang='lat' dir='ltr'>nunc</span> <span class='ocrx_word' id='word_1_305' title='bbox 1567 3545 1718 3607; x_wconf 88' lang='lat' dir='ltr'>adeo</span> <span class='ocrx_word' id='word_1_306' title='bbox 1759 3545 1922 3607; x_wconf 83' lang='lat' dir='ltr'>ferox</span> <span class='ocrx_word' id='word_1_307' title='bbox 1962 3558 2076 3607; x_wconf 86' lang='lat' dir='ltr'>est.</span> <span class='ocrx_word' id='word_1_308' title='bbox 2160 3546 2410 3609; x_wconf 60' lang='lat' dir='ltr'>Bacca.</span> <span class='ocrx_word' id='word_1_309' title='bbox 2452 3545 2724 3625; x_wconf 87' lang='lat' dir='ltr'>Nigram,</span> 
     </span>
     <span class='ocr_line' id='line_1_36' title="bbox 426 3636 2723 3723; baseline 0 -20"><span class='ocrx_word' id='word_1_310' title='bbox 426 3640 615 3723; x_wconf 83' lang='lat' dir='ltr'>pueri,</span> <span class='ocrx_word' id='word_1_311' title='bbox 646 3638 871 3718; x_wconf 84' lang='lat' dir='ltr'>nigram</span> <span class='ocrx_word' id='word_1_312' title='bbox 900 3636 1187 3717; x_wconf 89' lang='lat' dir='ltr'>pecudem</span> <span class='ocrx_word' id='word_1_313' title='bbox 1210 3636 1450 3697; x_wconf 79' lang='lat' dir='ltr'>efferte:</span> <span class='ocrx_word' id='word_1_314' title='bbox 1500 3648 1638 3699; x_wconf 81' lang='lat' dir='ltr'>nam</span> <span class='ocrx_word' id='word_1_315' title='bbox 1669 3640 1840 3699; x_wconf 86' lang='lat' dir='ltr'>turbo</span> <span class='ocrx_word' id='word_1_316' title='bbox 1869 3658 2170 3718; x_wconf 86' lang='lat' dir='ltr'>erumpere</span> <span class='ocrx_word' id='word_1_317' title='bbox 2187 3648 2456 3699; x_wconf 83' lang='lat' dir='ltr'>conatur.</span> <span class='ocrx_word' id='word_1_318' title='bbox 2495 3639 2723 3703; x_wconf 76' lang='lat' dir='ltr'>AEscu·</span> 
     </span>
     <span class='ocr_line' id='line_1_37' title="bbox 426 3729 2722 3813; baseline -0.003 -16"><span class='ocrx_word' id='word_1_319' title='bbox 426 3735 487 3797; x_wconf 81' lang='grc' dir='ltr'>,Ο</span> <span class='ocrx_word' id='word_1_320' title='bbox 514 3732 616 3813; x_wconf 91' lang='lat' dir='ltr'>qui</span> <span class='ocrx_word' id='word_1_321' title='bbox 639 3730 905 3793; x_wconf 88' lang='lat' dir='ltr'>Cretieas</span> <span class='ocrx_word' id='word_1_322' title='bbox 932 3729 1164 3809; x_wconf 84' lang='lat' dir='ltr'>colligis</span> <span class='ocrx_word' id='word_1_323' title='bbox 1192 3730 1523 3805; x_wconf 87' lang='lat' dir='ltr'>monodias,</span> <span class='ocrx_word' id='word_1_324' title='bbox 1545 3732 1908 3812; x_wconf 86' lang='lat' dir='ltr'>nuptiasque</span> <span class='ocrx_word' id='word_1_325' title='bbox 1924 3732 2178 3793; x_wconf 84' lang='lat' dir='ltr'>nefarias</span> <span class='ocrx_word' id='word_1_326' title='bbox 2203 3731 2386 3791; x_wconf 82' lang='lat' dir='ltr'>infers</span> <span class='ocrx_word' id='word_1_327' title='bbox 2408 3730 2471 3789; x_wconf 90' lang='lat' dir='ltr'>in</span> <span class='ocrx_word' id='word_1_328' title='bbox 2497 3736 2722 3791; x_wconf 77' lang='lat' dir='ltr'>artem!</span> 
     </span>
     <span class='ocr_line' id='line_1_38' title="bbox 428 3822 2722 3904; baseline -0.002 -16"><span class='ocrx_word' id='word_1_329' title='bbox 428 3826 682 3889; x_wconf 55' lang='lat' dir='ltr'>Bacca.</span> <span class='ocrx_word' id='word_1_330' title='bbox 726 3824 999 3903; x_wconf 86' lang='lat' dir='ltr'>Reprime</span> <span class='ocrx_word' id='word_1_331' title='bbox 1029 3834 1109 3895; x_wconf 89' lang='lat' dir='ltr'>te,</span> <span class='ocrx_word' id='word_1_332' title='bbox 1135 3842 1171 3883; x_wconf 96' lang='lat' dir='ltr'>o</span> <span class='ocrx_word' id='word_1_333' title='bbox 1198 3822 1373 3883; x_wconf 85' lang='lat' dir='ltr'>valde</span> <span class='ocrx_word' id='word_1_334' title='bbox 1394 3823 1738 3885; x_wconf 86' lang='lat' dir='ltr'>honorande</span> <span class='ocrx_word' id='word_1_335' title='bbox 1768 3825 2083 3904; x_wconf 83' lang='lat' dir='ltr'>AEschyle:</span> <span class='ocrx_word' id='word_1_336' title='bbox 2139 3835 2204 3885; x_wconf 82' lang='lat' dir='ltr'>tu</span> <span class='ocrx_word' id='word_1_337' title='bbox 2230 3844 2392 3899; x_wconf 77' lang='lat' dir='ltr'>vem,</span> <span class='ocrx_word' id='word_1_338' title='bbox 2429 3844 2468 3885; x_wconf 95' lang='lat' dir='ltr'>o</span> <span class='ocrx_word' id='word_1_339' title='bbox 2505 3842 2722 3885; x_wconf 73' lang='lat' dir='ltr'>mrum·</span> 
     </span>
     <span class='ocr_line' id='line_1_39' title="bbox 430 3915 2722 3999; baseline -0.002 -18"><span class='ocrx_word' id='word_1_340' title='bbox 430 3938 578 3981; x_wconf 84' lang='lat' dir='ltr'>nose</span> <span class='ocrx_word' id='word_1_341' title='bbox 606 3916 905 3997; x_wconf 87' lang='lat' dir='ltr'>Euripide,</span> <span class='ocrx_word' id='word_1_342' title='bbox 934 3915 984 3975; x_wconf 85' lang='lat' dir='ltr'>si</span> <span class='ocrx_word' id='word_1_343' title='bbox 1012 3916 1195 3997; x_wconf 87' lang='lat' dir='ltr'>sapis,</span> <span class='ocrx_word' id='word_1_344' title='bbox 1224 3935 1260 3975; x_wconf 91' lang='lat' dir='ltr'>a</span> <span class='ocrx_word' id='word_1_345' title='bbox 1286 3916 1671 3995; x_wconf 84' lang='lat' dir='ltr'>grandinibus</span> <span class='ocrx_word' id='word_1_346' title='bbox 1701 3936 1933 3979; x_wconf 87' lang='lat' dir='ltr'>remove</span> <span class='ocrx_word' id='word_1_347' title='bbox 1960 3929 2020 3979; x_wconf 82' lang='lat' dir='ltr'>te</span> <span class='ocrx_word' id='word_1_348' title='bbox 2063 3918 2254 3990; x_wconf 90' lang='lat' dir='ltr'>ocius,</span> <span class='ocrx_word' id='word_1_349' title='bbox 2295 3936 2372 3977; x_wconf 90' lang='lat' dir='ltr'>ne</span> <span class='ocrx_word' id='word_1_350' title='bbox 2421 3917 2722 3999; x_wconf 88' lang='lat' dir='ltr'>grandiori</span> 
     </span>
     <span class='ocr_line' id='line_1_40' title="bbox 429 4008 2724 4091; baseline 0 -18"><span class='ocrx_word' id='word_1_351' title='bbox 429 4013 610 4073; x_wconf 81' lang='lat' dir='ltr'>verbo</span> <span class='ocrx_word' id='word_1_352' title='bbox 637 4022 900 4089; x_wconf 87' lang='lat' dir='ltr'>tempora</span> <span class='ocrx_word' id='word_1_353' title='bbox 927 4009 1029 4069; x_wconf 86' lang='lat' dir='ltr'>tibi</span> <span class='ocrx_word' id='word_1_354' title='bbox 1055 4008 1269 4070; x_wconf 82' lang='lat' dir='ltr'>feriens</span> <span class='ocrx_word' id='word_1_355' title='bbox 1292 4028 1413 4088; x_wconf 83' lang='lat' dir='ltr'>proe</span> <span class='ocrx_word' id='word_1_356' title='bbox 1443 4010 1770 4084; x_wconf 86' lang='lat' dir='ltr'>iracundia,</span> <span class='ocrx_word' id='word_1_357' title='bbox 1794 4010 2056 4072; x_wconf 86' lang='lat' dir='ltr'>excutiat</span> <span class='ocrx_word' id='word_1_358' title='bbox 2081 4010 2428 4091; x_wconf 88' lang='lat' dir='ltr'>Telephum.</span> <span class='ocrx_word' id='word_1_359' title='bbox 2513 4010 2598 4073; x_wconf 84' lang='lat' dir='ltr'>At</span> <span class='ocrx_word' id='word_1_360' title='bbox 2633 4023 2724 4087; x_wconf 84' lang='lat' dir='ltr'>tu,</span> 
     </span>
     <span class='ocr_line' id='line_1_41' title="bbox 432 4102 2720 4184; baseline -0 -18"><span class='ocrx_word' id='word_1_361' title='bbox 432 4103 734 4184; x_wconf 76' lang='lat' dir='ltr'>AEschyle,</span> <span class='ocrx_word' id='word_1_362' title='bbox 760 4121 878 4161; x_wconf 89' lang='lat' dir='ltr'>non</span> <span class='ocrx_word' id='word_1_363' title='bbox 896 4102 1196 4174; x_wconf 85' lang='lat' dir='ltr'>iracunde,</span> <span class='ocrx_word' id='word_1_364' title='bbox 1220 4102 1327 4162; x_wconf 86' lang='lat' dir='ltr'>sed</span> <span class='ocrx_word' id='word_1_365' title='bbox 1346 4103 1556 4164; x_wconf 89' lang='lat' dir='ltr'>leniter</span> <span class='ocrx_word' id='word_1_366' title='bbox 1579 4124 1759 4184; x_wconf 86' lang='lat' dir='ltr'>argue</span> <span class='ocrx_word' id='word_1_367' title='bbox 1781 4115 1842 4165; x_wconf 87' lang='lat' dir='ltr'>et</span> <span class='ocrx_word' id='word_1_368' title='bbox 1882 4104 2166 4184; x_wconf 84' lang='lat' dir='ltr'>arguitor.</span> <span class='ocrx_word' id='word_1_369' title='bbox 2250 4103 2586 4166; x_wconf 78' lang='lat' dir='ltr'>Conviciari</span> <span class='ocrx_word' id='word_1_370' title='bbox 2612 4121 2720 4165; x_wconf 81' lang='lat' dir='ltr'>au-</span> 
     </span>
     <span class='ocr_line' id='line_1_42' title="bbox 430 4194 2724 4278; baseline 0 -22"><span class='ocrx_word' id='word_1_371' title='bbox 430 4205 551 4258; x_wconf 82' lang='lat' dir='ltr'>tem</span> <span class='ocrx_word' id='word_1_372' title='bbox 570 4214 693 4257; x_wconf 91' lang='lat' dir='ltr'>non</span> <span class='ocrx_word' id='word_1_373' title='bbox 719 4194 895 4255; x_wconf 88' lang='lat' dir='ltr'>decet</span> <span class='ocrx_word' id='word_1_374' title='bbox 915 4196 1071 4255; x_wconf 86' lang='lat' dir='ltr'>viros</span> <span class='ocrx_word' id='word_1_375' title='bbox 1094 4196 1323 4275; x_wconf 77' lang='lat' dir='ltr'>po&#39;etas,</span> <span class='ocrx_word' id='word_1_376' title='bbox 1348 4204 1630 4276; x_wconf 84' lang='lat' dir='ltr'>tanquam</span> <span class='ocrx_word' id='word_1_377' title='bbox 1653 4197 1923 4259; x_wconf 88' lang='lat' dir='ltr'>mulieres</span> <span class='ocrx_word' id='word_1_378' title='bbox 1941 4216 2080 4277; x_wconf 68' lang='lat' dir='ltr'>quse</span> <span class='ocrx_word' id='word_1_379' title='bbox 2097 4216 2312 4278; x_wconf 78' lang='lat' dir='ltr'>panem</span> <span class='ocrx_word' id='word_1_380' title='bbox 2329 4195 2624 4259; x_wconf 82' lang='lat' dir='ltr'>vendunt:</span> <span class='ocrx_word' id='word_1_381' title='bbox 2655 4207 2724 4257; x_wconf 83' lang='lat' dir='ltr'>tu</span> 
     </span>
     <span class='ocr_line' id='line_1_43' title="bbox 430 4288 2724 4371; baseline -0.001 -19"><span class='ocrx_word' id='word_1_382' title='bbox 430 4310 573 4353; x_wconf 78' lang='lat' dir='ltr'>vero</span> <span class='ocrx_word' id='word_1_383' title='bbox 600 4290 801 4351; x_wconf 84' lang='lat' dir='ltr'>statim</span> <span class='ocrx_word' id='word_1_384' title='bbox 821 4288 1155 4350; x_wconf 78' lang='lat' dir='ltr'>vociferaris</span> <span class='ocrx_word' id='word_1_385' title='bbox 1180 4290 1385 4351; x_wconf 88' lang='lat' dir='ltr'>eodem</span> <span class='ocrx_word' id='word_1_386' title='bbox 1404 4290 1674 4370; x_wconf 90' lang='lat' dir='ltr'>strepitu,</span> <span class='ocrx_word' id='word_1_387' title='bbox 1691 4308 1812 4370; x_wconf 87' lang='lat' dir='ltr'>quo</span> <span class='ocrx_word' id='word_1_388' title='bbox 1834 4290 1950 4353; x_wconf 82' lang='lat' dir='ltr'>ilex</span> <span class='ocrx_word' id='word_1_389' title='bbox 1965 4291 2270 4353; x_wconf 84' lang='lat' dir='ltr'>incensus.</span> <span class='ocrx_word' id='word_1_390' title='bbox 2339 4290 2506 4351; x_wconf 82' lang='lat' dir='ltr'>Eua.</span> <span class='ocrx_word' id='word_1_391' title='bbox 2537 4288 2724 4371; x_wconf 85' lang='lat' dir='ltr'>Equi·</span> 
     </span>
     <span class='ocr_line' id='line_1_44' title="bbox 432 4381 2722 4465; baseline -0.002 -18"><span class='ocrx_word' id='word_1_392' title='bbox 432 4384 569 4451; x_wconf 84' lang='lat' dir='ltr'>&#39;dem</span> <span class='ocrx_word' id='word_1_393' title='bbox 594 4386 836 4465; x_wconf 79' lang='lat' dir='ltr'>paratus</span> <span class='ocrx_word' id='word_1_394' title='bbox 856 4386 1010 4452; x_wconf 75' lang='lat' dir='ltr'>sum.</span> <span class='ocrx_word' id='word_1_395' title='bbox 1036 4388 1098 4445; x_wconf 81' lang='lat' dir='ltr'>et</span> <span class='ocrx_word' id='word_1_396' title='bbox 1128 4400 1249 4443; x_wconf 88' lang='lat' dir='ltr'>non</span> <span class='ocrx_word' id='word_1_397' title='bbox 1286 4382 1538 4464; x_wconf 82' lang='lat' dir='ltr'>refugio,</span> <span class='ocrx_word' id='word_1_398' title='bbox 1579 4382 1868 4458; x_wconf 85' lang='lat' dir='ltr'>mordere,</span> <span class='ocrx_word' id='word_1_399' title='bbox 1895 4392 2002 4447; x_wconf 86' lang='lat' dir='ltr'>aut·</span> <span class='ocrx_word' id='word_1_400' title='bbox 2023 4382 2276 4447; x_wconf 88' lang='lat' dir='ltr'>morderi</span> <span class='ocrx_word' id='word_1_401' title='bbox 2301 4381 2480 4465; x_wconf 86' lang='lat' dir='ltr'>prior,</span> <span class='ocrx_word' id='word_1_402' title='bbox 2507 4383 2558 4447; x_wconf 81' lang='lat' dir='ltr'>si</span> <span class='ocrx_word' id='word_1_403' title='bbox 2581 4381 2722 4449; x_wconf 79' lang='lat' dir='ltr'>huie</span> 
     </span>
    </p>
   </div>
  </div>
 </body>
</html>
