3059 5059
400 350 752 430 ssa-446]
1345 352 1762 415 murus,
2569 364 2682 425 195

392 480 681 543 Omnino.
764 483 961 543 anr.
1006 482 1225 543 Nonne
1274 483 1334 541 in
1382 484 1598 545 malam
1635 504 1756 545 rem
1799 485 2035 545 abibis?
2115 486 2327 549 Plutus
2371 490 2544 569 apud·
2575 492 2683 551 te!

390 575 671 635 Cannu.
701 576 793 635 lta
818 576 1079 655 inquam,
1099 595 1204 655 per
1230 575 1375 636 deos
1404 576 1632 656 adjuro.
1697 578 1896 641 Bur.
1917 580 2148 640 Verane
2176 580 2365 643 dicis?
2405 582 2680 647 Canen.

390 667 525 729 Aio.
630 668 831 729 Bam».
904 668 1019 729 Per
1068 668 1311 729 Vestam
1354 670 1620 731 obsecro.
1718 672 1989 733 Onnum.
2056 672 2266 734 Testor
2315 675 2680 756 Neptunum.

392 760 595 822 Bur.
640 760 1015 821 Marinnmne
1037 760 1231 821 dicis?
1312 764 1588 824 Cunna.
1632 764 1696 823 Si
1725 764 1874 824 alius
1903 776 1996 825 est
2022 766 2310 845 quispiam
2343 768 2682 848 Neptunus,

388 853 571 913 alium
602 856 779 915 etiam
804 852 993 915 illum.
1066 852 1264 915 Bm».
1308 856 1475 915 Itane
1506 853 1584 917 ad
1614 874 1722 917 nos
1753 858 1974 919 amieos
2003 869 2137 918 tuos
2167 878 2282 919 non
2317 860 2682 923 transmittes

390 946 575 1007 eum?
658 947 931 1007 Cannu.
974 948 1095 1007 Res
1126 947 1387 1009 nondum
1418 949 1476 1009 in
1522 969 1597 1009 eo
1643 960 1754 1011 ost.
1839 950 2038 1013 Bur.
2083 951 2244 1021 Quid
2279 952 2410 1013 ais?
2451 973 2572 1015 uon
2619 956 2682 1015 in

388 1056 489 1110 eo,
512 1050 575 1099 ut
622 1058 733 1099 nos
776 1040 1089 1119 participes
1136 1040 1375 1101 facias?
1455 1043 1727 1103 Cannu.
1771 1043 1909 1103 Non
1953 1042 2198 1105 hercle:
2257 1054 2490 1126 oportet
2529 1046 2682 1107 enim

386 1134 639 1213 prius—-
716 1132 914 1193 Bur.
957 1133 1161 1203 Quid?
1246 1135 1517 1197 cnmm.
1562 1135 1784 1197 Curare
1839 1154 1950 1197 nos
2005 1147 2072 1197 ut
2119 1137 2400 1197 videat-
2479 1138 2679 1199 Beer.

390 1224 682 1293 Quisnam
712 1226 952 1287 videat?
992 1224 1191 1305 effare.
1250 1228 1523 1289 Cunna.
1547 1228 1782 1300 Plutus,
1811 1243 1880 1289 ut
1897 1228 2172 1302 antehac,
2201 1232 2410 1311 quovis
2442 1231 2682 1293 tandem

388 1331 591 1398 paeto.
676 1319 871 1380 Bur.
918 1320 1099 1379 Estne
1153 1320 1307 1380 enim
1369 1340 1572 1381 revera
1625 1321 1872 1382 emens?
1955 1326 2225 1386 Cannu.
2283 1324 2412 1385 Ita:
2469 1322 2681 1385 coelum

390 1422 597 1473 testor.
682 1412 881 1473 Bur.
926 1412 1061 1473 Nou
1093 1424 1309 1475 temere
1338 1434 1480 1494 ergo
1508 1414 1751 1487 factum,
1790 1412 1952 1494 quod
1997 1414 2074 1475 ad
2119 1436 2214 1477 me
2251 1435 2552 1496 nunquam
2579 1436 2681 1477 ve-

388 1505 563 1565 nerit.
650 1506 921 1567 Cmtmr.
952 1508 1033 1565 At
1048 1506 1171 1585 jam
1204 1526 1378 1585 porro
1407 1506 1622 1579 veniet,
1652 1507 1699 1567 si
1729 1505 1813 1565 dii
1841 1507 2154 1568 voluerint..
2235 1508 2433 1569 Bmu’.
2465 1508 2684 1569 Annon

388 1596 689 1658 medicum
716 1599 975 1679 oportuit-
1000 1598 1371 1661 introducere
1419 1599 1718 1679 aliquem?
1802 1601 2078 1661 Cannu.
2120 1601 2268 1669 Quis
2315 1620 2454 1661 vero
2495 1601 2680 1662 medi-

390 1710 497 1749 cus
515 1705 613 1751 est
640 1712 797 1752 nunc
838 1691 895 1749 in
940 1690 1130 1751 urbe?
1214 1690 1369 1751 Nam
1416 1708 1477 1750 et
1519 1710 1742 1751 merces
1783 1690 1947 1749 nihili
1997 1701 2114 1765 est,
2171 1703 2232 1753 et
2283 1714 2401 1754 ατε.
2487 1692 2684 1755 Bur.

388 1782 717 1843 Videamus
770 1794 987 1843 tamen.
1072 1784 1345 1843 Cannu.
1414 1784 1498 1842 At
1555 1780 1749 1841 nullus
1799 1792 1910 1843 est.
2011 1784 2212 1844 Bar.
2279 1786 2488 1864 Neque
2543 1786 2688 1847 mihi

388 1875 643 1937 videtur.
755 1876 1026 1935 Cannu.
1072 1875 1207 1935 Non
1264 1874 1482 1935 hercle.
1571 1875 1810 1947 Verum,
1865 1874 2026 1952 quod
2083 1876 2308 1935 dudum
2359 1874 2686 1939 meditabar

386 1986 526 2047 ego,
584 1970 872 2049 optimum
926 1978 1040 2041 est,
1094 1968 1145 2027 si
1198 1967 1364 2027 illum
1420 1967 1479 2025 in
1524 1964 1820 2045 AEsculapi
1849 1966 1988 2025 fano
2039 1968 2318 2029 incubare
2375 1966 2686 2030 faciamus.

386 2060 595 2121 Bur.
640 2060 833 2121 Multo
853 2060 1091 2140 quidem
1123 2072 1301 2132 certe,
1328 2060 1411 2119 ita
1436 2080 1529 2119 me
1568 2058 1650 2119 dii
1701 2069 1919 2118 ament.
2003 2060 2096 2120 Ne
2140 2059 2318 2139 igitur
2363 2072 2682 2129 cunctare:

388 2154 505 2214 sed
562 2153 643 2213 da
695 2172 953 2233 operam,
1002 2165 1069 2213 ut
1121 2154 1391 2232 perficias
1442 2150 1690 2231 aliquid.
1773 2152 2046 2211 cnam.
2101 2152 2282 2233 Atqui
2326 2152 2449 2233 jam
2506 2154 2682 2215 vado.

392 2248 600 2308 Βιιι».
644 2246 887 2307 Festina
928 2247 1129 2325 igitur.
1216 2248 1489 2307 Cannu.
1533 2246 1667 2305 Hoc
1710 2244 1900 2323 ipsum
1959 2244 2134 2307 facio.
2217 2246 2427 2307 Paur.
2473 2247 2528 2307 Ο
2585 2248 2686 2327 qui

390 2342 627 2403 facium
655 2340 850 2402 audax
901 2351 961 2400 et
1002 2339 1245 2421 impium
1294 2350 1358 2399 et
1399 2338 1685 2402 nefarium
1733 2340 1928 2397 faeere
1969 2338 2298 2412 sustinetis,
2345 2339 2686 2401 homunculi

392 2434 631 2495 miseri!
672 2430 836 2513 quo?
886 2432 1055 2512 quo'l
1106 2432 1251 2512 quid
1279 2430 1524 2511 fugitis?
1582 2448 1778 2491 nonne
1805 2430 2130 2491 resistetis!
2215 2430 2413 2492 Bur.
2457 2430 2688 2494 Hercu-

390 2528 505 2600 les,
534 2538 596 2587 te
624 2526 855 2587 invoco.
936 2525 1145 2586 Paur.
1188 2526 1318 2605 Ego
1344 2526 1501 2585 euim
1526 2544 1634 2585 vos
1682 2522 1924 2603 perdam
1973 2522 2160 2583 malos
2204 2525 2393 2586 male:
2450 2526 2686 2589 facinus

386 2620 550 2680 enim
578 2619 809 2679 audetis
838 2638 953 2678 non
984 2617 1311 2691 tolerabile,
1334 2616 1439 2679 sed
1471 2617 1644 2698 quale
1675 2634 1848 2675 nemo
1871 2615 2021 2677 alius
2067 2636 2326 2697 unquam
2371 2628 2465 2677 est
2505 2638 2688 2681 ausus

390 2732 588 2793 neque
634 2711 809 2785 deus,
861 2731 1054 2791 neque
1096 2711 1311 2771 homo:
1384 2710 1653 2791 adeoque
1704 2709 1982 2791 periistis.
2066 2710 2340 2771 Cnunu.
2382 2710 2472 2772 Tu
2525 2731 2686 2785 vero,

386 2824 667 2885 quanam
720 2802 833 2863 es?
871 2804 1097 2884 pallida
1152 2822 1407 2883 namque
1464 2802 1602 2863 mihi
1659 2803 1876 2864 videris
1923 2822 2080 2863 esse.
2167 2803 2364 2863 Btnr.
2408 2803 2685 2865 Fortasse

392 2898 653 2979 Erynnis
680 2906 775 2957 est
814 2918 886 2957 ex
935 2896 1267 2976 tragoedia:
1304 2909 1367 2957 et
1406 2896 1644 2976 quidem
1687 2894 2066 2956 furibundum
2105 2894 2250 2973 quid
2298 2906 2360 2955 et
2397 2895 2686 2976 tragicum

388 2990 670 3057 intuetur.
754 2990 1027 3051 Cultum.
1070 2990 1150 3049 At
1165 3009 1301 3050 vero
1332 2988 1490 3049 faces
1515 3008 1636 3049 nou
1663 2988 1863 3048 habet.
1945 2986 2146 3049 Bu».
2188 2987 2454 3048 Plorabit
2483 2988 2678 3068 igitur.

390 3082 605 3145 Pau».
650 3086 839 3154 Quam
863 3103 1000 3143 vero
1028 3083 1248 3161 putatis
1279 3100 1370 3142 me
1392 3079 1573 3143 esse?
1657 3080 1928 3141 Cannu.
1972 3081 2345 3159 Cauponem,
2389 3092 2494 3142 aut
2541 3099 2682 3141 ovo-

390 3197 525 3237 rum
548 3176 971 3239 venditricem:
1022 3196 1143 3237 nou
1170 3176 1325 3237 enim
1373 3184 1542 3235 tauto
1587 3175 1840 3235 clamore
1879 3190 1986 3232 nos
2037 3171 2244 3233 adorta
2287 3193 2474 3245 esses,
2519 3173 2686 3235 nulla

388 3280 713 3351 provocata
730 3270 959 3349 injuria.
1027 3270 1239 3330 Paur.
1272 3266 1484 3329 Itane?
1514 3287 1712 3329 annon
1741 3286 1884 3327 vero
1909 3266 2258 3345 gravissima
2283 3268 2685 3349 perpetrastis,

390 3362 619 3443 quime
648 3362 921 3441 cogitatis
952 3382 1027 3422 ex
1052 3363 1325 3423 omnibus
1376 3360 1523 3421 loois
1569 3360 1820 3440 ejicere?
1904 3359 2176 3421 Ouum.
2222 3360 2436 3421 Nonne
2481 3377 2684 3440 super-

388 3456 619 3517 esttibi
650 3454 1043 3515 Barathrum?
1088 3453 1194 3515 sed
1236 3472 1506 3533 quoenam
1551 3453 1660 3525 sis,
1709 3451 1917 3531 quidni
1958 3452 2157 3513 statim
2203 3452 2395 3514 dicis?
2475 3453 2684 3514 Paul».

394 3550 553 3619 Quoe
578 3546 825 3608 efficiam
854 3545 1049 3621 hodie,
1080 3556 1144 3607 ut
1169 3544 1323 3605 detis
1354 3564 1580 3626 poenas,
1623 3564 1730 3625 pro
1777 3564 1850 3605 eo
1886 3544 2050 3625 quod
2092 3564 2186 3605 me
2234 3545 2498 3624 quaeritis
2549 3546 2686 3607 binc

390 3641 635 3721 penitus
662 3639 1007 3721 exstirpare.
1070 3640 1271 3699 Bnur.
1301 3635 1607 3718 Numquid
1636 3647 1728 3697 est
1753 3654 2027 3716 caupona
2047 3638 2161 3697 ista
2188 3656 2261 3696 ex
2285 3637 2522 3711 vicinia,
2549 3658 2684 3718 quse

392 3734 605 3815 iniqua
648 3732 975 3814 cotylamm
1018 3752 1255 3793 suarum
1304 3750 1582 3793 mensura
1637 3748 1866 3811 semper
1913 3748 2010 3791 me
2058 3729 2406 3791 fraudatur?
2473 3730 2684 3793 Pam».

396 3825 691 3907 Equidem
710 3825 1038 3906 Paupertas
1065 3844 1179 3904 ego
1208 3844 1358 3896 sum,
1388 3844 1525 3903 quae
1575 3822 1880 3883 vobiscum
1923 3821 2125 3883 habito
2165 3843 2204 3883 a
2245 3822 2448 3884 multis
2493 3823 2684 3885 annis.

392 3919 599 3981 Bur.
628 3918 993 3998 (cusq-iens,
1022 3917 1231 3979 audito
1259 3918 1658 3998 paupertatis
1685 3918 1939 3991 nomine)
1983 3916 2038 3975 Ο
2057 3916 2185 3976 Rex
2211 3916 2442 3997 Apollo,
2463 3916 2685 3997 diique,

390 4032 516 4094 qno
558 4013 693 4091 quis
743 4008 976 4089 fugiat?
1058 4010 1330 4072 Culum.
1376 4009 1544 4070 Heus
1599 4022 1688 4080 tu,
1737 4008 1879 4088 quid
1935 4008 2112 4089 agis?
2161 4028 2196 4069 o
2251 4008 2686 4071 timidissimum

396 4104 649 4167 muniat!
699 4122 897 4163 nonne
937 4102 1242 4163 manebis?
1325 4104 1525 4165 Bur.
1569 4102 1816 4163 Minime
1870 4102 2148 4163 omnium.
2233 4104 2504 4164 Cnamu.
2549 4102 2686 4163 Non

396 4196 671 4257 manebis
692 4194 721 4253 2
776 4194 886 4256 sed
921 4195 1027 4255 viri
1054 4194 1174 4257 duo
1202 4196 1477 4257 feminam
1514 4196 1773 4276 sugimus
1825 4192 2048 4255 unam?
2130 4194 2330 4259 Bur.
2359 4195 2688 4278 Paupertas

396 4289 559 4351 enim
578 4299 695 4360 est,
737 4308 774 4349 ο
818 4287 1013 4360 miser,
1056 4309 1179 4369 qua
1217 4309 1507 4370 nusquam
1563 4287 1688 4351 ulla
1741 4298 1882 4349 nata
1931 4298 2024 4349 est
2075 4288 2252 4351 belua
2299 4290 2687 4370 pestilentior.

400 4382 681 4443 Cannu.
712 4382 840 4454 Sta,
868 4382 1135 4456 obsecro,
1164 4394 1277 4443 sm.
1364 4384 1564 4445 Bur.
1607 4382 1744 4442 Non
1785 4400 1898 4462 ego
1923 4390 2102 4444 certe.
2185 4384 2456 4443 Cannu·
2487 4383 2696 4462 Atqui,

400 4474 512 4535 tibi
544 4473 703 4549 dico,
744 4474 939 4537 scelus
981 4476 1170 4537 multo
1214 4476 1534 4557 pessimum
1581 4474 1836 4535 omnium
1883 4472 2168 4537 scelerum
2215 4474 2592 4550 admittimus,
2640 4475 2692 4537 si
