3059 5059
476 379 591 440 132
1213 371 2022 433 ARISTOPHANIS
2409 375 2756 454 [794-851

472 508 573 569 ille
592 507 691 580 sit,
706 525 842 568 oum
868 504 1061 567 aliena
1086 523 1209 566 rem
1230 504 1473 566 haberet
1498 523 1701 578 uxore,
1720 503 2068 585 videretque
2083 501 2358 565 maritum
2397 504 2656 565 mulieris
2696 505 2758 564 in

474 599 757 681 gradibus
782 599 1111 671 senatoriis,
1132 598 1245 658 iste
1264 596 1467 658 itidem
1512 597 1651 658 hinc
1693 617 1730 657 a
1764 597 1954 671 vobis,
1995 597 2172 658 motis
2221 597 2334 659 alis
2369 597 2653 671 avolaret,
2698 609 2762 660 et

474 703 787 774 postquam
818 692 1117 764 futuisset,
1168 690 1328 752 illinc
1372 709 1576 751 rursus
1623 691 1684 750 in
1739 708 1906 750 suam
1963 691 2164 751 sedem
2215 690 2334 751 hue
2381 709 2446 751 se
2497 691 2762 753 referret.

477 786 693 845 Nonne
736 784 915 863 igitur
958 784 1179 845 alatum
1218 803 1353 846 esse
1394 783 1692 863 quantivis
1729 794 1827 844 est
1869 783 2063 861 preti?
2119 784 2350 844 Etenim
2401 784 2762 866 Diitrepbes,

473 880 757 940 vimineas
782 877 885 957 qui
902 888 1131 938 tantum
1152 878 1335 938 habet
1355 877 1503 949 alas,
1530 889 1762 937 creatus
1791 885 1885 936 est
1909 876 2122 936 Tribus
2163 877 2503 956 praefectus,
2543 876 2762 938 deinde

474 971 735 1052 equitum
764 971 1064 1050 magister,
1088 969 1303 1030 deinde
1326 989 1400 1030 ex
1428 969 1650 1029 nullius
1679 969 1960 1030 momenti
2001 969 2236 1030 homine
2279 989 2532 1050 magnus
2571 970 2762 1032 evasit

474 1077 537 1126 et
557 1064 926 1125 fortunatus:
976 1074 1038 1123 et
1064 1081 1224 1124 nune
1248 1064 1437 1124 flavus
1462 1071 1558 1122 est
1581 1073 1642 1122 et
1671 1060 2043 1142 Equigallus.

556 1157 791 1217 Fls-ru.
816 1157 944 1217 Ista
962 1156 1199 1236 quidem
1226 1156 1315 1216 sie
1342 1175 1407 1216 se
1436 1155 1692 1216 habent:
1743 1165 1826 1226 at,
1852 1156 1936 1215 ita
1965 1173 2060 1216 me
2099 1155 2336 1235 Jupiter
2375 1165 2553 1227 amet,
2592 1155 2758 1217 haud

474 1269 589 1330 ego
616 1268 739 1310 rem
764 1249 955 1329 magis
974 1246 1281 1309 ridiculam
1302 1247 1421 1309 vidi
1449 1267 1733 1329 unquam.
1817 1247 2026 1308 Eunt..
2067 1248 2227 1318 Quid
2251 1247 2446 1309 rides?
2527 1249 2760 1310 Prsru.

474 1343 637 1403 Tuas
654 1361 904 1423 pennas.
987 1342 1263 1403 Sein'eui
1288 1342 1482 1402 alatus
1512 1342 1766 1402 maxime
1793 1339 1876 1400 sis
1919 1339 2257 1401 adsimilis?
2303 1341 2552 1402 rudibus
2591 1341 2763 1402 lineis

476 1435 669 1496 anseri
688 1434 944 1515 depicto.
1014 1433 1221 1496 Eum..
1248 1433 1339 1494 Tu
1368 1443 1566 1497 autem
1595 1433 1838 1494 merula
1859 1443 2042 1514 caput
2069 1431 2132 1492 in
2157 1435 2356 1494 orbem
2379 1432 2762 1515 deplumatoe.

476 1526 707 1589 Prsrn.
739 1527 879 1588 Istis
906 1525 1143 1607 quidem
1172 1525 1511 1588 adsimulati
1535 1545 1764 1599 sumus,
1791 1524 1993 1608 idque,
2029 1535 2097 1586 ut
2137 1525 2222 1587 ait
2261 1525 2602 1606 AEschylus,
2641 1547 2762 1589 m

412 1645 429 1660 ·
476 1621 709 1694 alienis,
734 1619 839 1682 sed
860 1622 1084 1681 nostris
1108 1622 1369 1699 ipsorum
1388 1621 1627 1699 pennis.
1711 1619 1824 1679 Er.
1871 1621 1998 1699 Age
2008 1618 2136 1696 jam
2154 1638 2314 1680 nunc
2353 1619 2497 1699 quid
2535 1620 2766 1682 facien-

474 1713 661 1775 dum?
741 1712 975 1774 Pis-ru.
1024 1713 1284 1774 Primum
1312 1731 1525 1774 nomen
1559 1711 1686 1773 urbi
1711 1711 2136 1792 imponendum
2163 1723 2278 1784 est,
2323 1731 2606 1793 magnum
2653 1711 2764 1774 ali-

476 1807 638 1888 quod
668 1817 845 1887 atque
872 1805 1135 1868 illustre:
1188 1805 1406 1868 deinde
1454 1803 1570 1866 diis
1621 1825 1792 1866 sacra
1835 1803 2130 1866 facienda.
2215 1807 2424 1867 Eum..
2483 1805 2579 1866 Ita
2623 1805 2768 1868 mihi

476 1919 715 1980 quoque
740 1898 995 1960 videtur.
1067 1898 1181 1960 Er.
1206 1899 1337 1978 Age
1374 1896 1630 1971 videam,
1675 1898 1820 1978 quid
1869 1907 2090 1959 nostrie
2143 1899 2396 1960 nominis
2443 1899 2554 1960 erit
2587 1897 2766 1961 urbi?

477 1992 711 2054 Pis-ru.
752 1991 1027 2053 Vultisne
1055 1992 1375 2071 conspicuo
1405 1989 1509 2052 illo
1537 2003 1598 2052 et
1638 2011 1675 2052 a
1702 1990 2124 2058 Lacedoemone
2147 2001 2342 2052 sumto
2381 1992 2624 2072 Sparta
2653 2011 2766 2055 no·-

476 2086 637 2146 mine
679 2105 957 2146 vocemus
1008 2081 1240 2165 ipsam?
1323 2084 1529 2146 Euan.
1573 2083 1902 2146 Hercules!
1959 2085 2233 2165 Spartam
2279 2104 2496 2145 nomen
2537 2093 2608 2145 ut
2645 2105 2764 2166 ego

476 2177 774 2259 imponam
798 2178 925 2238 urbi
952 2177 1143 2238 mem?
1188 2195 1265 2237 ne
1292 2179 1540 2258 grabato
1567 2176 1808 2257 quidem
1837 2188 2106 2257 spat-teos
2133 2177 2450 2253 funiculos,
2493 2179 2546 2238 si
2582 2179 2764 2240 modo

467 2269 718 2349 junceos
740 2270 1012 2331 habeam.
1094 2268 1329 2330 Prsrn.
1368 2269 1547 2340 Quod
1579 2289 1716 2330 nam
1755 2271 1936 2351 igitur
1973 2270 2060 2331 illi
2101 2290 2314 2332 nomen
2355 2271 2766 2350 imponemus?

480 2363 684 2425 Eum..
723 2363 907 2424 Istine
949 2362 1306 2435 desumtum,
1332 2383 1409 2424 ex
1450 2365 1707 2424 nubibus
1749 2375 1812 2425 et
1849 2363 2200 2424 sublimibus
2237 2363 2598 2444 regionibus,
2639 2383 2768 2426 am·

474 2457 639 2538 plum
669 2457 813 2539 quid
855 2455 1049 2518 valde.
1131 2456 1363 2520 Ptsrn.
1407 2456 1548 2516 Vin’
1587 2454 2086 2518 Nubieueuliam?
2167 2457 2279 2517 Er.
2339 2458 2562 2532 1u‚1u!
2618 2459 2764 2520 Pul-

476 2550 681 2611 ehrum
710 2569 906 2612 revera
924 2561 987 2610 et
1012 2549 1390 2630 magnificum
1416 2549 1692 2612 invenisti
1719 2567 1960 2610 nomen.
2041 2550 2244 2612 Eum..
2287 2550 2590 2632 Numquid
2630 2551 2764 2614 haee

474 2655 569 2704 est
588 2643 693 2703 illa
718 2642 1131 2716 Nubicuculia,
1158 2644 1259 2703 ubi
1288 2643 1491 2705 multae
1520 2653 1661 2704 sunt
1681 2641 1802 2703 illoe
1825 2642 2158 2723 Tbeagenis
2185 2661 2354 2722 opes,
2377 2655 2440 2705 et
2465 2644 2762 2706 AEschinis

476 2735 722 2797 omnes?
802 2735 1035 2796 Pis-ru.
1078 2734 1383 2815 Optimum
1410 2735 1652 2816 quidem
1677 2747 1794 2811 est,
1813 2746 1881 2795 ut
1903 2735 2060 2796 hanc
2087 2755 2220 2796 eam
2247 2755 2384 2797 esse
2425 2737 2615 2810 dieas,
2657 2749 2766 2798 aut

475 2847 749 2909 eampum
771 2827 1165 2909 Phlegraeum,
1192 2829 1293 2888 ubi
1320 2829 1646 2912 terrigenas
1675 2827 1972 2909 Gigantas
1999 2828 2353 2908 jactabundi
2393 2827 2478 2889 dii
2518 2848 2762 2912 supera-

472 2932 632 2982 runt.
714 2921 920 2982 Euu.
968 2917 1295 3000 Splendida
1344 2941 1588 3004 prorsus
1641 2931 1736 2984 est
1779 2922 1914 2982 hoee
1961 2923 2128 2984 urbs.
2213 2922 2364 2992 Quis
2417 2941 2558 2984 vero
2607 2921 2762 2984 dens

472 3014 718 3076 tutelam
758 3013 1003 3074 habebit
1039 3013 1244 3074 urbis?
1286 3016 1519 3075 cuinam
1571 3025 1840 3076 texemus
1887 3013 2171 3096 peplum?
2251 3015 2484 3078 Piswn.
2537 3017 2762 3086 Quidni

474 3107 737 3169 sinamus
759 3107 1060 3168 Urbanam
1085 3106 1409 3168 Minervam
1436 3108 1752 3188 praesidem
1780 3126 1916 3168 esse
1943 3105 2147 3168 urbis?
2230 3109 2438 3170 Euan.
2475 3109 2592 3178 Qui
2621 3129 2760 3172 vero

472 3201 665 3281 possit
690 3199 829 3259 urbs
855 3200 1007 3260 bene
1025 3218 1159 3260 esse
1198 3209 1443 3272 morata,
1482 3199 1584 3259 ubi
1631 3199 1748 3262 dea
1789 3200 2008 3260 femina
2059 3200 2349 3281 integram
2405 3212 2764 3264 armaturam

472 3293 679 3365 habet,
706 3291 1045 3352 Clisthenes
1096 3301 1295 3354 autem
1343 3291 1574 3353 radium
1623 3292 1984 3354 textorium?
2080 3293 2312 3356 P1srn.
2361 3294 2512 3365 Quis
2559 3307 2762 3357 autem

472 3403 703 3446 murum
729 3384 891 3444 urbis
918 3382 1291 3464 Pelargicum
1310 3385 1646 3446 obtinebit?
1727 3384 1844 3448 Er.
1890 3385 2034 3446 Ales
2060 3385 2200 3448 hinc
2243 3407 2278 3447 e
2319 3388 2491 3448 nobis
2533 3389 2760 3468 origine

473 3477 737 3551 Persica,
771 3476 876 3558 qui
912 3477 1133 3556 ubique
1174 3475 1389 3538 dicitur
1432 3479 1751 3539 acerrimus
1799 3497 1932 3540 esse
1987 3479 2198 3540 Martis
2247 3478 2468 3559 pullus.
2551 3480 2760 3542 Eun..

478 3571 535 3631 0
562 3571 725 3652 pulle
760 3571 1039 3632 domine!
1082 3581 1151 3632 ut
1188 3570 1439 3632 idoneus
1482 3573 1596 3632 erit
1645 3572 1746 3633 ille
1799 3572 1948 3634 deus
1997 3573 2076 3633 ad
2131 3571 2478 3634 incolendas
2515 3577 2764 3656 petras!

473 3663 705 3726 Prsrn.
732 3663 1005 3745 Agedum
1028 3673 1093 3724 tu
1132 3663 1283 3725 vade
1322 3664 1401 3725 ad
1446 3667 1662 3739 aiii-em,
1707 3665 1962 3746 illisque,
2005 3667 2108 3744 qui
2146 3683 2376 3728 murum
2423 3677 2760 3738 exstruunt,

473 3755 799 3818 ministeria
843 3766 1125 3837 praestato
1145 3777 1167 3818 t
1196 3749 1505 3820 'caementa
1559 3757 1828 3836 adporta,
1885 3757 2192 3839 lutumque
2245 3759 2448 3820 nudus
2503 3779 2761 3833 macera,

472 3848 691 3932 pelvim
730 3847 817 3910 fer
841 3868 1095 3923 sursum,
1145 3849 1223 3911 de
1268 3851 1434 3912 scala
1478 3850 1710 3927 decide,
1758 3850 2040 3913 custodes
2081 3853 2399 3924 constitue,
2425 3853 2624 3933 ignem
2648 3853 2760 3914 ab·

474 3943 701 4006 seonde
754 3936 1004 4023 semper,
1050 3963 1187 4005 cnm
1231 3942 1628 4006 tintinnabulo
1669 3943 2137 4020 circumcursita,
2185 3955 2364 4026 atque
2405 3945 2488 4006 ibi
2529 3945 2760 4006 dormi:

472 4054 777 4116 pracones
802 4035 993 4109 mitte,
1018 4055 1201 4096 unum
1226 4035 1306 4096 ad
1337 4036 1483 4098 deos
1509 4055 1766 4110 sursum,
1793 4039 2162 4119 alterumque
2179 4037 2436 4119 desuper
2462 4039 2540 4099 ad
2569 4039 2764 4100 homi·

474 4149 589 4190 nes
609 4128 907 4200 deorsum,
928 4127 1181 4208 indeque
1210 4149 1413 4192 rursus
1436 4130 1510 4191 ad
1535 4151 1651 4193 me.
1734 4129 1942 4192 Puer..
1982 4131 2073 4190 Tu
2101 4151 2244 4192 vero
2283 4132 2382 4194 hic
2419 4151 2760 4204 remanens,

474 4243 579 4305 per
608 4242 700 4284 me
726 4222 884 4296 licet,
910 4222 1098 4303 plora.
1181 4222 1412 4285 Pisa-n.
1444 4224 1495 4296 1,
1519 4245 1556 4285 o
1584 4227 1758 4298 bone,
1781 4243 1854 4286 eo
1893 4245 2012 4306 quo
2055 4237 2114 4285 te
2153 4225 2362 4286 mitto:
2419 4224 2561 4286 nibil
2597 4226 2761 4288 enim

474 4335 697 4388 eorum,
725 4335 861 4395 quae
890 4314 1037 4389 dixi,
1064 4315 1191 4377 sine
1220 4327 1279 4378 te
1308 4329 1564 4398 geretur.
1647 4317 1776 4400 Ego
1801 4337 1961 4394 vero,
1987 4327 2058 4379 ut
2083 4335 2254 4378 sacra
2280 4337 2558 4399 peragam
2587 4318 2760 4380 novis

474 4409 605 4480 diis,
632 4404 1019 4483 sacerdotem,
1045 4409 1146 4489 qui
1174 4428 1451 4490 pompam
1472 4410 1677 4486 ducat,
1701 4414 1947 4475 vocabo.
2032 4411 2201 4472 Heus
2241 4431 2408 4491 puer,
2449 4429 2616 4492 puer,
2653 4429 2764 4472 ea-

474 4501 721 4616 qistrnm
766 4498 967 4564 afferte
1014 4511 1073 4562 et
1116 4505 1503 4584 gutturnium.
1587 4505 1802 4568 Cnoa.
1859 4505 2092 4568 sociam
2141 4523 2382 4586 operam
2435 4504 2762 4585 conjungo,
