3059 5059
268 366 641 455 ‘ses—551]
1200 374 1251 435 P
1270 374 1319 433 L·
1334 373 1389 432 U
1404 372 1455 433 Τ
1470 370 1608 431 US.
2429 376 2565 437 ‘19⁷

285 489 485 569 inopia
521 502 585 553 et
626 492 781 555 fame
816 495 1125 571 laborant,·
1146 510 1227 557 et·
1246 508 1445 560 tecum
1492 496 1760 559 maxime·
1795 496 1990 557 aetatis
2043 508 2268 578 partem
2321 498 2569 580 degunt.

261 584 397 643 -Aio
424 584 649 665 itaque,
679 587 731 647 si
778 588 991 651 Plutus
1025 602 1230 652 cernat
1270 589 1614 669 aliquando,
1659 608 1791 649 esse
1837 588 2034 663 aliam,
2077 610 2212 670 quoe
2258 590 2354 653 his
2396 595 2571 654 rebus

282 677 459 737 finem
488 679 776 759 imponat,
802 682 979 753 viam,
1007 702 1185 762 quam
1214 683 1266 743 si
1286 681 1649 762 ingrediatur
1685 682 1806 753 ille,
1851 682 2074 762 majora
2118 686 2275 745 bona
2319 684 2571 747 homini-

282 770 389 830 bus
418 774 703 849 proebeat.
786 772 995 836 Paur.
1038 776 1174 836 Ato
1202 775 1305 855 qui
1354 775 1614 835 omniurn
1664 772 1939 835 facillime
1986 776 2282 838 hominum
2327 778 2570 840 adducti

282 862 448 935 estis,
486 874 557 923 ut
596 865 953 941 insaniretis,
994 868 1114 929 duo
1163 868 1363 939 vetuli,
1405 868 1466 926 in
1513 865 1922 927 delirandoet
1974 866 2355 932 allucinando
2404 872 2571 946 socii,

282 954 333 1014 si
352 954 471 1016 hoc
492 957 601 1017 liat
625 958 785 1036 quod
814 979 919 1019 vos
948 962 1183 1039 cupitis,
1212 980 1367 1040 nego
1386 960 1449 1019 id
1477 960 1645 1020 vobis
1665 959 2031 1040 profuturum
2079 980 2228 1023 esse.
2311 963 2376 1025 Si
2413 963 2571 1025 enim

282 1048 499 1110 Plutus
535 1049 613 1111 de
656 1052 886 1131 integ'ro
926 1064 1148 1125 cernat,
1200 1053 1631 1132 distribuatque
1677 1051 1984 1132 aequaliter
2031 1072 2186 1126 sese,
2233 1074 2344 1117 nec
2384 1066 2570 1117 artem

280 1140 491 1213 ullam,
530 1164 645 1205 nee
673 1145 979 1206 scientiam
1036 1146 1347 1225 quisquam
1401 1146 1706 1205 hominum
1756 1145 1934 1211 colet.
2013 1147 2314 1207 Ambabus
2371 1159 2570 1210 autem

282 1235 405 1293 istis
432 1236 712 1310 sublatis,
747 1238 879 1317 quis
924 1237 1081 1299 volet
1119 1239 1331 1299 ferrum
1380 1236 1616 1310 cudere,
1655 1248 1758 1299 aut
1805 1258 1988 1298 naves
2031 1239 2423 1320 compingere,
2467 1252 2573 1304 aut

283 1338 478 1388 vestes
522 1349 833 1403 consuere,
862 1343 963 1391 aut
1009 1342 1166 1391 rotas
1197 1332 1414 1403 facere,
1438 1339 1545 1390 aut
1586 1332 1748 1391 coria
1797 1350 2016 1402 secare,
2068 1345 2172 1391 aut
2209 1334 2423 1395 lateres
2467 1354 2570 1411 qo-

280 1440 483 1498 quere,
509 1433 613 1481 aut
644 1425 989 1484 vestimenta
1014 1422 1217 1503 polire,
1247 1434 1349 1484 aut
1368 1423 1528 1483 coria
1555 1440 1870 1495 macerare,
1894 1434 2017 1496 aut,
2043 1426 2252 1485 aratris
2270 1427 2568 1506 proscisso

264 1524 449 1574 ‘terrae
482 1517 634 1589 solo,
664 1517 897 1577 Cereris
947 1517 1145 1597 fruges
1188 1527 1427 1587 metere,
1478 1516 1530 1574 si
1575 1516 1778 1577 otiosis
1815 1534 1950 1577 esse
1984 1516 2186 1577 licebit
2232 1519 2417 1590 vobis,
2454 1518 2572 1581 ista

262 1607 481 1667 omnia
500 1606 983 1689 negligentibus?
1066 1610 1336 1670 Cannu.
1383 1608 1667 1687 Nugaris.
1751 1606 1902 1669 Nam
1951 1607 2068 1669 ista
2125 1610 2324 1671 omnia
2375 1611 2571 1684 nobis,

280 1720 655 1781 quecunque
674 1700 851 1763 modo
878 1703 1255 1775 enumerasti,
1289 1700 1491 1761 famuli
1518 1699 1840 1782 perficient.
1923 1701 2127 1763 Paur.
2177 1701 2350 1763 Unde
2391 1704 2572 1783 igitur

282 1792 524 1853 habebis
577 1793 877 1856 famulos?
958 1796 1232 1856 Caium.
1276 1796 1556 1855 Ememus
1607 1792 1832 1853 scilicet
1881 1795 2153 1873 pecunia.
2237 1795 2445 1857 Pane.
2489 1797 2570 1858 At

282 1885 467 1963 primo
492 1888 628 1966 quis
648 1887 777 1961 erit,
800 1889 902 1967 qui
924 1888 1165 1963 vendat,
1183 1886 1424 1969 qnando
1446 1870 1756 1969 pecuniam
1778 1897 1837 1946 et
1853 1886 1953 1945 ille
1973 1886 2253 1947 habebit?
2297 1890 2570 1951 Cannu.

284 1977 452 2039 Lucri
497 1979 749 2060 cupidus
792 1991 1082 2043 mercator
1129 1980 1417 2061 quispiam
1464 1998 1497 2039 e
1539 1978 1850 2039 Thessalia
1897 1979 2160 2052 veniens,
2215 1998 2252 2039 a
2303 1981 2570 2061 plurimis

281 2070 605 2150 plagiariis.
685 2072 895 2135 Paur.
953 2077 1038 2135 At
1081 2075 1267 2155 primo
1315 2093 1428 2134 nee
1471 2070 1791 2153 plagiarius
1831 2071 1943 2133 erit
1984 2072 2162 2145 ullus,
2193 2072 2368 2152 juxta
2405 2073 2570 2141 illam

278 2186 493 2247 nempe
514 2188 693 2248 quam
712 2170 862 2231 dicis
890 2173 1197 2235 rationem.
1282 2170 1431 2240 Quis
1460 2169 1617 2229 enim
1646 2169 1810 2229 dives
1841 2169 1998 2230 volet
2023 2170 2176 2231 istuc
2200 2168 2422 2231 faciens
2445 2170 2570 2233 dis-

272 2260 499 2321 crimen
526 2263 689 2323 adire
714 2264 899 2327 vitoe?
940 2267 1141 2345 itaque
1170 2266 1297 2345 ipse
1336 2270 1502 2325 ara‘re
1526 2273 1772 2325 coactus
1801 2273 1865 2323 et
1911 2260 2110 2323 fodere
2138 2271 2201 2323 et
2239 2263 2358 2323 alia
2393 2282 2574 2345 opera

278 2354 493 2426 faeere,
522 2355 713 2416 multo
758 2359 1146 2421 oerumnosius
1184 2372 1339 2419 teres
1388 2365 1649 2426 oetatem,
1695 2374 1885 2435 quarn,
1921 2375 2102 2417 nunc.
2183 2355 2456 2419 Cunna.
2477 2357 2570 2417 ·In

278 2457 463 2527 eaput
489 2459 657 2509 tuum
689 2456 911 2511 vertat!
994 2452 1204 2513 Pam».
1249 2452 1549 2511 Proeterea
1567 2468 1686 2509 non
1715 2448 1934 2527 poteris
1965 2459 2070 2509 aut
2095 2448 2152 2507 in
2184 2448 2417 2528 sponda
2433 2448 2569 2511 dor·

276 2539 464 2608 mirez
509 2560 631 2603 non
659 2542 815 2602 enim
838 2544 982 2609 erin
1026 2545 1215 2603 autin
1242 2542 1575 2623 tapetibus;
1626 2541 1758 2620 quis
1806 2541 1961 2601 enim
2007 2552 2204 2603 texere
2246 2543 2424 2615 volet,
2471 2542 2568 2603 cui

277 2651 487 2695 aurum
548 2634 892 2715 suppetat‘is
940 2655 1132 2715 neque
1198 2635 1516 2716 unguentis
1585 2634 1868 2714 inungere
1923 2634 2189 2716 poteritis
2269 2652 2568 2714 sponsam,

272 2726 523 2805 quando
552 2745 683 2787 eam
740 2726 969 2787 ducetis
1026 2726 1287 2801 domum,
1336 2746 1447 2787 nec
1500 2745 1634 2787 eam
1682 2745 1890 2787 ornare
1941 2726 2259 2787 sumtuosis
2313 2726 2568 2789 vestibus

278 2828 443 2879 ostro
472 2819 727 2899 perfusis
754 2829 818 2880 et
844 2839 953 2881 acu
973 2818 1170 2900 pictis.
1251 2820 1432 2899 Atqui
1461 2818 1748 2880 ditescere
1777 2818 1921 2899 quid
1937 2819 2110 2899 juvat
2135 2819 2264 2879 istis
2297 2819 2566 2887 omnibus

276 2912 574 2991 egentes?
617 2913 777 2993 apud
800 2932 891 2974 me
917 2924 1115 2993 autem
1142 2932 1215 2975 ea
1243 2913 1445 2973 omnia
1469 2913 1529 2971 in
1568 2921 1800 2992 promtu
1831 2922 1992 2983 sunt,
2027 2912 2244 2991 quibus
2269 2911 2570 2991 indigetis.

280 3004 415 3085 Ego
470 3005 629 3065 enim
666 3018 949 3087 tanquam
993 3006 1235 3067 domina
1274 3004 1543 3078 adsideo,
1594 3024 1816 3085 cogens
1867 3004 2158 3085 opificem,
2213 3015 2281 3065 ut
2333 3012 2570 3083 propter

276 3109 613 3178 egestatem
638 3108 700 3159 et
724 3102 1025 3181 penuriam
1052 3109 1297 3181 quoerat,
1320 3098 1481 3159 unde
1512 3098 1726 3159 victum
1767 3098 2006 3159 habeat.
2088 3097 2357 3157 Cannu.
2399 3096 2566 3159 Tune

278 3210 421 3252 vero
468 3192 734 3270 praebere
776 3192 1087 3273 quicquam
1132 3193 1271 3253 boni
1318 3190 1536 3273 possis,
1576 3201 1790 3271 proeter
1833 3190 2106 3271 pustulas
2157 3209 2190 3250 e
2235 3188 2472 3261 balneo,
2507 3198 2572 3251 et

276 3284 1066 3365 puerulorum-esurientium
1095 3285 1577 3363 anicularumque
1606 3283 1828 3356 turbas,
1855 3301 2278 3365 numerumque
2321 3281 2570 3363 pedien-

277 3378 471 3437 lorum
500 3388 565 3439 et
589 3378 843 3440 culicum
868 3392 931 3441 et
974 3378 1255 3460 pulicum,
1292 3398 1404 3439 nec
1452 3376 1590 3438 dico
1644 3388 1929 3457 quantum
1975 3397 2098 3458 proe
2151 3374 2569 3439 multitudine!

278 3471 381 3549 qni
412 3469 668 3533 molesto
692 3473 865 3534 -eirca
902 3481 1084 3553 caput
1119 3472 1367 3533 stridore
1404 3470 1903 3551 expergefaciunt,
1948 3480 2253 3545 canentes,
2297 3470 2566 3544 Eraria,

277 3563 383 3626 ud
403 3582 611 3645 mge.
665 3564 956 3627 Praeterea
986 3576 1055 3625 ut
1079 3564 1335 3626 habeant
1363 3582 1467 3643 pro
1494 3573 1660 3625 veste
1681 3582 1934 3643 pannos,
1961 3582 2066 3642 pro
2093 3563 2249 3624 lecto
2277 3574 2568 3629 stramen-

280 3668 407 3717 tum
434 3676 471 3717 e
490 3657 713 3737 juncis,
737 3658 1019 3720 culicibus
1047 3658 1309 3739 plenum,
1337 3655 1499 3737 quod
1524 3655 1888 3717 dormientes
1915 3656 2167 3717 excitat:
2217 3667 2277 3716 et
2315 3665 2569 3721 stoream

278 3760 351 3810 ut
364 3749 637 3810 habeant
656 3770 761 3830 pro
787 3759 984 3831 tapete
1012 3751 1323 3832 putridam,
1344 3770 1451 3829 pro
1472 3749 1717 3831 pulvino
1744 3748 1998 3829 lapidem
2027 3747 2434 3833 praegrandem
2455 3750 2568 3809 sub

276 3842 481 3921 capite
502 3862 523 3904 t
568 3854 631 3903 et
657 3854 723 3903 ut
747 3862 855 3924 pro
900 3864 1073 3925 pane·
1094 3843 1410 3906 comedant
1454 3842 1668 3903 malvae
1715 3842 2011 3922 germinat
2062 3860 2170 3922 pro
2215 3841 2380 3922 pulte
2423 3840 2572 3903 folia

278 3934 526 3995 exilium
554 3934 984 4015 raphanorum:
1035 3948 1219 4017 utque
1245 3936 1504 3997 habeant
1543 3953 1650 4015 pro
1693 3954 1935 3995 scamno
1978 3934 2148 3995 fracti
2193 3934 2354 3995 urcei
2403 3953 2572 4014 oper-

262 4027 483 4089 ·culum
502 4048 523 4088 ε
578 4046 687 4109 pro
710 4042 934 4092 mactra
952 4029 1155 4091 dolioli
1205 4030 1383 4101 latus,
1424 4028 1610 4109 idque
1656 4029 1831 4089 etiam
1880 4028 2181 4088 rimosum.
2263 4020 2568 4107 Numquid

278 4118 605 4181 multorum
653 4121 939 4184 bonorum
986 4134 1065 4185 te.
1097 4123 1369 4185 omnibus
1415 4121 1749 4182 hominibus
1804 4120 2056 4181 ostendo
2097 4137 2230 4180 esse
2283 4118 2570 4180 causam?

281 4212 495 4274 Pam».
540 4214 633 4273 Tu
662 4214 897 4294 quidem
924 4234 1115 4277 meam
1146 4218 1321 4277 vitam
1338 4234 1459 4277 non
1482 4213 1856 4275 memorasti:
1911 4212 2071 4274 illam
2100 4223 2299 4273 autem
2338 4211 2570 4273 mendi-

276 4324 487 4366 corum
514 4306 851 4386 exagitasti.
932 4309 1205 4371 Cannu.
1246 4308 1427 4389 Atqui
1456 4306 1850 4369 mendicitatis
1878 4314 2274 4387 paupertatem
2317 4303 2568 4371 dicimus

268 4416 417 4460 esse
436 4418 722 4459 sororem.
752 4436 757 4443 -
806 4402 1013 4463 Paos.
1056 4402 1183 4461 Vos
1202 4401 1460 4480 quidem,
1490 4401 1594 4481 qui
1619 4400 1798 4461 etiam
1831 4396 2198 4477 Thrasybulo
2217 4397 2568 4479 Dionysium

271 4490 539 4555 similem
567 4510 711 4553 esse.
728 4494 943 4555 dicitis.
1026 4496 1261 4560 Verum.-
1286 4513 1429 4557 mea.
1458 4495 1578 4558 vita
1622 4492 1766 4556 nihil
1809 4490 1938 4557 tale.
1965 4503 2220 4577 experta.
2249 4499 2378 4561 estg
2423 4488 2567 4559 nibil
