3059 5059
364 384 422 445 a
1099 382 1935 467 Anlsropuaurs.
2320 386 2701 467 [sev-ass·

363 516 786 596 Nequaquam,
812 516 1158 599 priusquam
1185 514 1465 579 audiatis.
1535 517 1659 579 Sed
1682 517 1981 600 reprimite
2004 536 2138 591 vos,
2158 536 2199 579 o
2220 518 2387 579 boni.
2458 519 2689 580 Gnou-

364 610 506 670 Ncu
533 628 630 669 me
655 610 1005 690 reprimamz
1049 630 1246 691 neque
1275 622 1340 673 tu
1363 610 1487 691 jam
1517 612 1703 671 verba
1728 610 1981 674 feceris:
2018 630 2158 673 nam
2204 610 2307 671 odi
2350 622 2411 673 te
2452 611 2695 673 Cleone

362 701 562 763 adhuc
589 702 783 783 pejus,
809 723 986 783 quem
1015 723 1128 785 ego
1157 703 1484 783 aliquando
1509 704 1827 765 concidam
1855 704 2171 785 Equitibus
2198 705 2257 765 in
2282 704 2511 767 soleas.
2589 706 2687 765 Ex

365 808 424 859 te
469 808 670 859 autem
699 795 941 876 longam
975 795 1301 858 orationem
1333 816 1452 857 uon
1495 797 1782 873 audirem,
1834 799 1939 878 qui
1966 798 2211 863 ,amicus
2238 796 2440 859 factus.
2470 818 2539 859 es
2570 796 2695 857 La-

363 890 658 958 conibusz
701 888 813 949 sed
857 908 1068 971 poenas
1108 889 1188 950 de
1225 899 1286 951 te
1333 909 1590 952 sumam.
1674 890 1829 951 Dic.
1878 889 1933 951 O
1962 890 2125 961 boui,
2160 890 2431 951 Laconas
2462 890 2692 951 missos

361 982 567 1056 facite,
609 991 674 1042 et
715 981 918 1043 audite
987 1002 1066 1043 an
1137 995 1296 1043 recte
1353 982 1629 1044 inducias
1678 984 2023 1065 pepigerim.
2102 984 2321 1045 Cnoa.
2407 984 2491 1043 At
2558 1004 2691 1064 quo

363 1073 544 1135 modo
571 1074 768 1155 possis
813 1072 875 1134 id
919 1085 1080 1135 recte
1121 1076 1342 1137 factum
1389 1074 1609 1147 dicere,
1640 1077 1691 1137 si
1736 1076 1920 1138 modo
1974 1076 2159 1137 semel
2206 1077 2489 1157 pepigisti
2540 1096 2689 1139 cum

363 1167 504 1239 illis,
554 1166 772 1248 quibus
829 1187 940 1229 nec
995 1188 1121 1240 ara,
1161 1186 1274 1227 uec
1307 1168 1476 1241 fides,
1538 1188 1649 1229 nec
1689 1167 2109 1249 jusjurandum
2152 1180 2380 1229 certum
2431 1170 2691 1230 manet?

367 1260 520 1320 Dic.
565 1261 649 1318 At
674 1258 950 1339 equidem
973 1260 1100 1321 scio
1129 1261 1420 1333 Laconas,
1449 1280 1603 1340 quos
1650 1261 1825 1321 nimis
1856 1264 2174 1340 premimus
2202 1262 2365 1333 odio,
2394 1282 2515 1323 non
2546 1282 2691 1324 esse

366 1352 630 1413 emnium
665 1352 954 1413 malorum
983 1354 1156 1414 nobis
1183 1372 1450 1429 causam.
1538 1356 1754 1414 Grion.
1814 1355 1951 1414 Non
1982 1354 2245 1415 omnium
2280 1374 2445 1427 vere,
2496 1373 2535 1415 o
2582 1374 2693 1416 ne-

363 1445 688 1526 quissime?
743 1446 1010 1506 haeccine
1039 1446 1224 1507 audes
1251 1446 1452 1507 dicere
1487 1446 1685 1528 palam
1716 1466 1915 1507 coram
1946 1446 2167 1509 nobis?
2220 1458 2285 1507 et
2334 1457 2536 1507 tamen
2568 1468 2703 1528 ego

363 1538 472 1598 tibi
500 1536 782 1618 parcam?
863 1538 1014 1599 D1c.
1063 1539 1198 1598 Non
1223 1539 1509 1613 omnium,
1536 1541 1801 1621 inquam,
1832 1558 1951 1599 non
1980 1540 2267 1601 omnium.
2332 1540 2497 1608 Quin
2542 1559 2689 1620 ege,

365 1650 544 1711 quem
589 1631 824 1704 videtis,
851 1634 978 1711 ipse
1007 1631 1166 1691 varie
1189 1631 1504 1693 ostendere
1536 1632 1781 1711 possim,
1810 1650 1917 1693 eos
1958 1633 2137 1692 etiam
2166 1632 2225 1690 in
2258 1630 2567 1692 nonnullis
2592 1633 2691 1691 in-

354 1723 572 1803 juriam
601 1724 749 1805 pati.
831 1724 1051 1785 Circa.
1096 1724 1264 1783 Istud
1306 1724 1432 1803 jam
1481 1725 1721 1785 verbum
1770 1726 2043 1785 acerbum
2092 1737 2208 1798 est,
2252 1735 2315 1785 et
2353 1744 2458 1785 cor
2486 1744 2688 1787 meum

364 1820 694 1899 perturbat,
725 1818 772 1877 si
801 1827 868 1876 tu
897 1817 1146 1877 audebis
1169 1834 1278 1895 pro
1305 1816 1579 1876 hostibus
1608 1816 1765 1897 apud
1798 1836 1909 1877 nos
1940 1818 2119 1877 verba
2134 1817 2350 1877 facere.
2397 1818 2553 1878 Dic.
2584 1819 2688 1892 Et,

367 1911 484 1970 nisi
509 1907 736 1979 dixere,
763 1928 900 1988 quae
915 1909 1083 1989 justa
1111 1921 1271 1977 sunt.
1301 1928 1373 1968 ac
1397 1910 1621 1990 populo
1668 1909 1813 1970 talia
1856 1910 2234 1982 videbuntur,
2264 1930 2445 1991 super
2470 1922 2699 1973 trunco

366 2002 630 2062 lanionio
659 2002 856 2081 posita
885 2003 1110 2063 cervice
1139 2000 1276 2062 volo
1306 2002 1484 2061 verba
1507 2002 1726 2061 facere.
1811 2003 2031 2063 Cnon.
2085 2002 2243 2081 Age,
2270 2022 2311 2062 ο
2337 2004 2691 2084 populares,

367 2114 474 2157 cur
499 2095 794 2173 parcimus
837 2094 1160 2174 lapidibus,
1188 2096 1331 2173 quin
1377 2093 1539 2153 hunc
1594 2114 2023 2175 concerpamus
2066 2104 2135 2155 ut
2177 2095 2379 2156 lanam
2406 2098 2687 2176 puniceas

367 2188 520 2249 vesti
563 2187 874 2248 facieudoe.
962 2188 1115 2250 Drc.
1167 2188 1257 2247 Eu
1303 2186 1500 2267 qualis
1548 2187 1739 2267 fuligo
1788 2186 2115 2249 iracundiae
2157 2208 2363 2249 rursus
2414 2191 2475 2249 in
2514 2191 2689 2251 vobis

337 2280 740 2341 exardescit!
797 2299 916 2339 non
975 2280 1249 2351 audietis,
1297 2298 1417 2339 uon
1461 2279 1719 2340 audietis
1766 2300 1881 2355 me,
1927 2300 2158 2360 quoes0,
2188 2298 2227 2339 o
2276 2281 2691 2343 Acharnidaet

369 2372 588 2433 Cnou.
639 2370 778 2432 Non
831 2391 978 2433 sane
1032 2370 1370 2455 audiemus.
1453 2372 1607 2433 Dic.
1666 2372 1921 2453 Indigne
1976 2390 2123 2452 ergo
2171 2392 2406 2435 mecum
2446 2384 2690 2454 agetur.

369 2466 589 2526 Grion.
650 2465 1022 2545 Dispeream,
1081 2465 1133 2525 si
1175 2464 1484 2526 audivero.
1571 2466 1723 2527 Dic.
1775 2466 2190 2545 Nequaquam,
2244 2484 2285 2525 o
2340 2466 2691 2529 Acharnici.

367 2559 586 2621 Cnou.
638 2558 805 2619 Scito
831 2557 1036 2637 tejam
1061 2558 1430 2620 moriturum.
1517 2558 1669 2618 Dic.
1715 2558 1953 2618 Faciam
1996 2578 2140 2637 ergo
2171 2558 2335 2637 quod
2384 2577 2491 2620 vos
2528 2578 2693 2619 mor·

367 2652 531 2713 deat.
615 2650 845 2711 Contra
898 2652 1053 2712 enim
1111 2650 1382 2712 occidam
1427 2649 1591 2726 illos,
1636 2651 1737 2731 qui
1784 2650 2107 2711 amicorum
2158 2660 2489 2712 vestrorum
2545 2662 2695 2713 sunt

365 2746 538 2805 vobis
563 2744 877 2807 carissimi.
909 2744 1147 2824 Quippe
1175 2763 1212 2804 a
1237 2744 1408 2805 vobis
1434 2743 1629 2805 liabeo
1658 2743 1922 2816 obsides,
1948 2762 2102 2822 quos
2116 2742 2435 2823 jugulabo.
2462 2744 2691 2805 Cuort.

367 2837 566 2898 Dicite
593 2836 755 2909 mihi,
805 2836 913 2895 viri
951 2837 1294 2917 populares,
1344 2836 1490 2916 qnid
1542 2836 1801 2897 minatur
1847 2836 1963 2896 boc
1998 2838 2239 2897 verbum
2290 2834 2696 2899 Acharnicisl

365 2950 506 2996 uum
527 2930 864 3011 cujuspiam
885 2941 1177 3002 nostrum,
1199 2930 1308 3008 qui·
1325 2927 1639 3003 adsumus,
1656 2940 1901 3008 gnatum
1922 2937 2090 2987 tenet
2106 2927 2269 2987 intus
2292 2927 2645 2990 conclusum
2666 2928 2697 2989 'l

264 3014 274 3024 “
367 3034 473 3084 aut
497 3042 760 3105 quanam
787 3021 1010 3082 fiducia
1036 3022 1223 3082 fretus
1274 3030 1394 3081 tam
1437 3020 1641 3081 audax
1688 3020 1826 3081 est?
1908 3020 2065 3080 Drc.
2106 3020 2325 3091 Jacite,
2382 3022 2433 3081 si
2484 3020 2695 3095 vultis,

362 3115 644 3197 lapides:
701 3124 766 3173 at
811 3130 928 3194 ego
981 3112 1144 3173 huuc
1197 3112 1445 3192 perdam
1471 3132 1516 3177 t,
1544 3130 1685 3173 mox
1742 3121 1943 3173 autem
1998 3128 2383 3191 cognoscam,
2434 3130 2695 3191 ecquem

363 3218 626 3271 vestrum
681 3206 877 3287 tangit
921 3206 1249 3267 carbonum
1303 3224 1472 3267 cura.
1556 3206 1775 3267 Onon..
1832 3205 2159 3266 Periimusl
2216 3203 2517 3283 cophinus
2572 3206 2694 3267 iste

364 3318 536 3361 meus
583 3311 680 3360 est
729 3296 1058 3381 popularis.
1141 3296 1266 3358 Sed
1311 3318 1386 3359 ne
1433 3299 1609 3371 faxis,
1636 3297 1801 3377 quod
1846 3298 2185 3358 instituisti:
2234 3315 2621 3378 nequaquam
2654 3317 2695 3359 ο

363 3410 765 3473 nequaquam.
833 3391 984 3451 Drc.
1015 3391 1238 3470 Utique
1265 3391 1426 3450 hunc
1453 3390 1723 3453 occidam
1748 3410 1767 3451 z
1818 3390 1977 3470 ejula
2002 3390 2389 3470 quantumvis
2416 3408 2435 3458 ς
2464 3391 2695 3451 etenim

363 3484 528 3545 haud
587 3481 961 3545 auscultabo.
1047 3484 1267 3545 cnon.
1321 3482 1547 3543 Perdes
1596 3502 1743 3561 ergo
1796 3482 2090 3562 aqualem
2144 3482 2321 3541 istum
2372 3500 2575 3543 meum
2630 3492 2699 3544 et

365 3578 622 3639 amicum
647 3576 1087 3639 carbonarium.
1173 3575 1325 3637 Drc.
1399 3574 1530 3635 Nec
1586 3594 1717 3647 vos,
1758 3591 1897 3653 quse
1942 3574 2220 3646 dicerem,
2252 3574 2697 3637 auscultabatis

364 3670 568 3735 modo.
653 3670 888 3729 cnon.
919 3668 1002 3727 At
1029 3686 1190 3728 nunc
1217 3663 1340 3739 dic,
1371 3666 1420 3727 si
1451 3666 1561 3727 tibi
1588 3666 1837 3737 videtur,
1867 3666 1961 3726 vel
1988 3665 2065 3726 de
2098 3665 2572 3727 Lacedoemoniis
2602 3668 2699 3747 ip-

365 3763 474 3836 sis,
497 3761 906 3841 quodcunque
937 3760 1140 3821 animo
1166 3769 1274 3820 tuo
1317 3758 1669 3820 collubitum
1718 3768 1835 3821 est.
1916 3756 2072 3817 Nam
2120 3758 2303 3817 istum
2330 3776 2449 3837 ego
2476 3760 2699 3839 cophi-

365 3856 573 3915 nulum
601 3853 764 3915 liaud
791 3852 1066 3914 deseram
1095 3870 1379 3931 unquam.
1440 3853 1597 3913 Dic.
1646 3850 2034 3930 Jamprirnum
2066 3846 2209 3909 mibi
2232 3850 2467 3929 lapides
2494 3852 2696 3913 effun-

366 3947 694 4009 dite'humi.
779 3946 997 4007 Cnon.
1054 3946 1144 4005 En
1175 3944 1280 4006 tibi
1308 3943 1470 4003 humi
1508 3944 1759 4023 jacent:
1812 3955 1876 4003 tu
1906 3942 2083 4002 etiam
2137 3942 2402 4002 vicissim
2450 3942 2697 4023 depone

365 4038 660 4122 gladium.
746 4040 900 4099 Dxc.
949 4036 1069 4099 Sed
1094 4035 1415 4098 videndum
1463 4056 1543 4096 ue
1592 4036 1653 4095 iu
1694 4033 1892 4115 palliis
1922 4034 2070 4094 forte
2100 4035 2405 4113 supersint
2430 4036 2701 4098 abscon-s

366 4133 478 4194 diti
505 4132 758 4213 lapides.
841 4130 1062 4193 Grion..
1106 4129 1360 4188 Excussi
1391 4138 1535 4215 sunt
1560 4127 1743 4187 humi.
1820 4126 2037 4186 Nonne
2066 4126 2259 4197 vides,
2288 4138 2357 4185 ut
2384 4128 2701 4187 excutitur

365 4222 663 4307 pallium?
692 4223 801 4285 sed
823 4242 900 4285 ne
928 4223 1070 4281 mihi
1097 4240 1316 4281 causas
1341 4221 1543 4301 finge:
1604 4240 1804 4279 verum
1834 4218 2070 4299 depone
2098 4217 2405 4297 gladium:
2462 4236 2605 4277 nem
2632 4225 2699 4279 et

367 4320 538 4379 sinus
551 4318 850 4378 excutitur
877 4313 1067 4387 hicce,
1089 4312 1230 4373 dum
1261 4314 1493 4373 saltans
1517 4313 1579 4371 in
1610 4312 1855 4373 alteram
1885 4320 2110 4391 partem
2138 4318 2471 4370 convertor.
2532 4311 2696 4375 Drc.

368 4410 701 4471 Debebatis
727 4426 872 4488 ergo
897 4406 1216 4467 clamorem
1245 4424 1450 4466 omnes
1495 4404 1726 4476 tollere,
1773 4402 2065 4482 simulque
2106 4399 2339 4482 lapides
2362 4412 2651 4466 excutere
2676 4420 2697 4467 t

367 4520 580 4583 parum
610 4511 807 4563 autem
835 4498 1028 4569 abfuit
1049 4499 1192 4580 quin
1219 4516 1462 4579 pessum
1491 4498 1954 4559 irent-carbones
1978 4494 2271 4572 Parnasii,
2298 4494 2483 4575 idque
2506 4516 2695 4581 prop-
