<?xml version="1.0" encoding="UTF-8"?>
<!DOCTYPE html PUBLIC "-//W3C//DTD XHTML 1.0 Transitional//EN"
    "http://www.w3.org/TR/xhtml1/DTD/xhtml1-transitional.dtd">
<html xmlns="http://www.w3.org/1999/xhtml" xml:lang="en" lang="en">
 <head>
  <title>
</title>
<meta http-equiv="Content-Type" content="text/html;charset=utf-8" />
  <meta name='ocr-system' content='tesseract 3.04.00' />
  <meta name='ocr-capabilities' content='ocr_page ocr_carea ocr_par ocr_line ocrx_word'/>
</head>
<body>
  <div class='ocr_page' id='page_1' title='image "./comdicumscholii00bekkgoog_0028.png"; bbox 0 0 3059 5059; ppageno 0'>
   <div class='ocr_carea' id='block_1_1' title="bbox 343 262 2651 373">
    <p class='ocr_par' dir='ltr' id='par_1_1' title="bbox 343 262 2651 373">
     <span class='ocr_line' id='line_1_1' title="bbox 343 262 2651 373; baseline 0.003 -24"><span class='ocrx_word' id='word_1_1' title='bbox 343 296 420 357; x_wconf 81' lang='lat'><strong>12</strong></span> <span class='ocrx_word' id='word_1_2' title='bbox 1067 286 1887 373; x_wconf 69' lang='lat' dir='ltr'><strong>ARISTOPHANIS</strong></span> <span class='ocrx_word' id='word_1_3' title='bbox 2296 262 2651 373; x_wconf 53' lang='lat'><strong>[6534715</strong></span> 
     </span>
    </p>
   </div>
   <div class='ocr_carea' id='block_1_2' title="bbox 275 420 2657 4493">
    <p class='ocr_par' dir='ltr' id='par_1_2' title="bbox 275 420 2657 4493">
     <span class='ocr_line' id='line_1_2' title="bbox 341 420 2651 505; baseline -0.001 -18"><span class='ocrx_word' id='word_1_4' title='bbox 341 425 624 505; x_wconf 77' lang='lat' dir='ltr'><strong>AEginam</strong></span> <span class='ocrx_word' id='word_1_5' title='bbox 649 423 764 486; x_wconf 83' lang='lat' dir='ltr'><strong>sibi</strong></span> <span class='ocrx_word' id='word_1_6' title='bbox 807 422 978 485; x_wconf 82' lang='lat' dir='ltr'>reddi</span> <span class='ocrx_word' id='word_1_7' title='bbox 1019 423 1314 505; x_wconf 79' lang='lat' dir='ltr'><strong>flagitant,</strong></span> <span class='ocrx_word' id='word_1_8' title='bbox 1341 430 1476 481; x_wconf 69' lang='lat' dir='ltr'><strong>non*</strong></span> <span class='ocrx_word' id='word_1_9' title='bbox 1509 421 1670 501; x_wconf 91' lang='lat' dir='ltr'><strong>quod</strong></span> <span class='ocrx_word' id='word_1_10' title='bbox 1715 421 1969 485; x_wconf 84' lang='lat' dir='ltr'><strong>insulam</strong></span> <span class='ocrx_word' id='word_1_11' title='bbox 2016 420 2181 483; x_wconf 88' lang='lat' dir='ltr'><strong>illam</strong></span> <span class='ocrx_word' id='word_1_12' title='bbox 2224 424 2375 485; x_wconf 88' lang='lat' dir='ltr'><strong>tanti</strong></span> <span class='ocrx_word' id='word_1_13' title='bbox 2401 426 2651 498; x_wconf 73' lang='lat' dir='ltr'><strong>saciant,</strong></span> 
     </span>
     <span class='ocr_line' id='line_1_3' title="bbox 337 513 2649 599; baseline 0.001 -20"><span class='ocrx_word' id='word_1_14' title='bbox 337 518 458 580; x_wconf 84' lang='lat' dir='ltr'><strong>sed</strong></span> <span class='ocrx_word' id='word_1_15' title='bbox 505 532 573 579; x_wconf 91' lang='lat' dir='ltr'><strong>ut</strong></span> <span class='ocrx_word' id='word_1_16' title='bbox 619 518 858 597; x_wconf 66' lang='lat' dir='ltr'><strong>poetam</strong></span> <span class='ocrx_word' id='word_1_17' title='bbox 903 518 1065 579; x_wconf 88' lang='lat' dir='ltr'><strong>hunc</strong></span> <span class='ocrx_word' id='word_1_18' title='bbox 1111 537 1146 577; x_wconf 89' lang='lat' dir='ltr'><strong>e</strong></span> <span class='ocrx_word' id='word_1_19' title='bbox 1174 513 1416 596; x_wconf 78' lang='lat' dir='ltr'><strong>proediis</strong></span> <span class='ocrx_word' id='word_1_20' title='bbox 1461 515 1586 575; x_wconf 84' lang='lat' dir='ltr'><strong>suis</strong></span> <span class='ocrx_word' id='word_1_21' title='bbox 1632 514 1895 594; x_wconf 83' lang='lat' dir='ltr'><strong>ejiciant.</strong></span> <span class='ocrx_word' id='word_1_22' title='bbox 1980 514 2100 575; x_wconf 87' lang='lat' dir='ltr'><strong>Sed</strong></span> <span class='ocrx_word' id='word_1_23' title='bbox 2148 534 2253 577; x_wconf 81' lang='lat' dir='ltr'><strong>vos</strong></span> <span class='ocrx_word' id='word_1_24' title='bbox 2300 520 2649 599; x_wconf 79' lang='lat' dir='ltr'><strong>neutiquam</strong></span> 
     </span>
     <span class='ocr_line' id='line_1_4' title="bbox 335 607 2655 692; baseline 0.001 -21"><span class='ocrx_word' id='word_1_25' title='bbox 335 610 624 684; x_wconf 77' lang='lat' dir='ltr'><strong>timeatis,</strong></span> <span class='ocrx_word' id='word_1_26' title='bbox 651 630 728 671; x_wconf 91' lang='lat' dir='ltr'><strong>ne</strong></span> <span class='ocrx_word' id='word_1_27' title='bbox 749 610 994 692; x_wconf 79' lang='lat' dir='ltr'><strong>qua‘ndo</strong></span> <span class='ocrx_word' id='word_1_28' title='bbox 1021 608 1342 670; x_wconf 84' lang='lat' dir='ltr'><strong>comoedias</strong></span> <span class='ocrx_word' id='word_1_29' title='bbox 1371 608 1598 669; x_wconf 86' lang='lat' dir='ltr'><strong>docens</strong></span> <span class='ocrx_word' id='word_1_30' title='bbox 1627 607 1921 678; x_wconf 88' lang='lat' dir='ltr'><strong>traducat,</strong></span> <span class='ocrx_word' id='word_1_31' title='bbox 1946 608 2083 669; x_wconf 88' lang='lat' dir='ltr'><strong>etin</strong></span> <span class='ocrx_word' id='word_1_32' title='bbox 2112 607 2429 671; x_wconf 82' lang='lat' dir='ltr'>ludibrium</span> <span class='ocrx_word' id='word_1_33' title='bbox 2460 623 2655 673; x_wconf 80' lang='lat' dir='ltr'><strong>vertat</strong></span> 
     </span>
     <span class='ocr_line' id='line_1_5' title="bbox 331 700 2651 782; baseline 0.001 -17"><span class='ocrx_word' id='word_1_34' title='bbox 331 704 502 782; x_wconf 90' lang='lat' dir='ltr'><strong>justa</strong></span> <span class='ocrx_word' id='word_1_35' title='bbox 555 703 844 765; x_wconf 66' lang='lat' dir='ltr'><strong>consiliat</strong></span> <span class='ocrx_word' id='word_1_36' title='bbox 885 713 1156 767; x_wconf 85' lang='lat' dir='ltr'><strong>autumat</strong></span> <span class='ocrx_word' id='word_1_37' title='bbox 1195 721 1334 762; x_wconf 88' lang='lat' dir='ltr'><strong>vero</strong></span> <span class='ocrx_word' id='word_1_38' title='bbox 1381 720 1446 761; x_wconf 87' lang='lat' dir='ltr'><strong>se</strong></span> <span class='ocrx_word' id='word_1_39' title='bbox 1493 700 1681 760; x_wconf 88' lang='lat' dir='ltr'><strong>multa</strong></span> <span class='ocrx_word' id='word_1_40' title='bbox 1709 702 1869 761; x_wconf 88' lang='lat' dir='ltr'><strong>bona</strong></span> <span class='ocrx_word' id='word_1_41' title='bbox 1894 720 2001 760; x_wconf 87' lang='lat' dir='ltr'><strong>vos</strong></span> <span class='ocrx_word' id='word_1_42' title='bbox 2033 700 2369 775; x_wconf 86' lang='lat' dir='ltr'><strong>docturum,</strong></span> <span class='ocrx_word' id='word_1_43' title='bbox 2398 716 2466 765; x_wconf 90' lang='lat' dir='ltr'><strong>ut</strong></span> <span class='ocrx_word' id='word_1_44' title='bbox 2492 706 2651 768; x_wconf 83' lang='lat' dir='ltr'><strong>beati</strong></span> 
     </span>
     <span class='ocr_line' id='line_1_6' title="bbox 337 790 2651 877; baseline 0.001 -20"><span class='ocrx_word' id='word_1_45' title='bbox 337 797 518 869; x_wconf 84' lang='lat' dir='ltr'><strong>fiatis,</strong></span> <span class='ocrx_word' id='word_1_46' title='bbox 565 816 686 857; x_wconf 90' lang='lat' dir='ltr'><strong>non</strong></span> <span class='ocrx_word' id='word_1_47' title='bbox 716 793 1151 877; x_wconf 87' lang='lat' dir='ltr'><strong>suppalpando,</strong></span> <span class='ocrx_word' id='word_1_48' title='bbox 1200 813 1320 853; x_wconf 91' lang='lat' dir='ltr'><strong>non</strong></span> <span class='ocrx_word' id='word_1_49' title='bbox 1349 790 1683 853; x_wconf 81' lang='lat' dir='ltr'><strong>mercedem</strong></span> <span class='ocrx_word' id='word_1_50' title='bbox 1726 792 2087 853; x_wconf 83' lang='lat' dir='ltr'><strong>ostentando</strong></span> <span class='ocrx_word' id='word_1_51' title='bbox 2132 794 2479 870; x_wconf 74' lang='lat' dir='ltr'>fautoribus,</span> <span class='ocrx_word' id='word_1_52' title='bbox 2529 818 2651 859; x_wconf 85' lang='lat' dir='ltr'><strong>nou</strong></span> 
     </span>
     <span class='ocr_line' id='line_1_7' title="bbox 335 885 2653 957; baseline 0.003 -10"><span class='ocrx_word' id='word_1_53' title='bbox 335 889 648 949; x_wconf 73' lang='lat' dir='ltr'><strong>fraudibus</strong></span> <span class='ocrx_word' id='word_1_54' title='bbox 679 899 785 949; x_wconf 85' lang='lat' dir='ltr'><strong>aut</strong></span> <span class='ocrx_word' id='word_1_55' title='bbox 821 888 1099 951; x_wconf 84' lang='lat' dir='ltr'><strong>versutiis</strong></span> <span class='ocrx_word' id='word_1_56' title='bbox 1146 885 1433 957; x_wconf 86' lang='lat' dir='ltr'><strong>fallend0,</strong></span> <span class='ocrx_word' id='word_1_57' title='bbox 1475 904 1587 944; x_wconf 87' lang='lat' dir='ltr'><strong>nec</strong></span> <span class='ocrx_word' id='word_1_58' title='bbox 1638 885 1919 946; x_wconf 78' lang='lat' dir='ltr'><strong>laudibus</strong></span> <span class='ocrx_word' id='word_1_59' title='bbox 1958 886 2395 957; x_wconf 74' lang='lat' dir='ltr'><strong>demulcendo:</strong></span> <span class='ocrx_word' id='word_1_60' title='bbox 2440 892 2549 952; x_wconf 87' lang='lat' dir='ltr'><strong>sed</strong></span> <span class='ocrx_word' id='word_1_61' title='bbox 2578 914 2653 955; x_wconf 82' lang='lat' dir='ltr'><strong>ea</strong></span> 
     </span>
     <span class='ocr_line' id='line_1_8' title="bbox 337 976 2653 1063; baseline 0.002 -22"><span class='ocrx_word' id='word_1_62' title='bbox 337 982 475 1062; x_wconf 88' lang='lat' dir='ltr'><strong>ipsa</strong></span> <span class='ocrx_word' id='word_1_63' title='bbox 499 1002 638 1062; x_wconf 85' lang='lat' dir='ltr'><strong>quse</strong></span> <span class='ocrx_word' id='word_1_64' title='bbox 665 981 892 1061; x_wconf 82' lang='lat' dir='ltr'><strong>optima</strong></span> <span class='ocrx_word' id='word_1_65' title='bbox 919 992 1094 1043; x_wconf 87' lang='lat' dir='ltr'><strong>erunt</strong></span> <span class='ocrx_word' id='word_1_66' title='bbox 1123 978 1422 1041; x_wconf 88' lang='lat' dir='ltr'><strong>docendo.</strong></span> <span class='ocrx_word' id='word_1_67' title='bbox 1504 976 1767 1039; x_wconf 83' lang='lat' dir='ltr'><strong>Proinde</strong></span> <span class='ocrx_word' id='word_1_68' title='bbox 1794 978 1943 1037; x_wconf 88' lang='lat' dir='ltr'><strong>Cleo</strong></span> <span class='ocrx_word' id='word_1_69' title='bbox 1971 980 2362 1055; x_wconf 78' lang='lat' dir='ltr'><strong>machinetur,</strong></span> <span class='ocrx_word' id='word_1_70' title='bbox 2390 994 2453 1044; x_wconf 89' lang='lat' dir='ltr'><strong>et</strong></span> <span class='ocrx_word' id='word_1_71' title='bbox 2478 984 2653 1063; x_wconf 87' lang='lat' dir='ltr'><strong>quid·</strong></span> 
     </span>
     <span class='ocr_line' id='line_1_9' title="bbox 335 1069 2653 1155; baseline 0.001 -20"><span class='ocrx_word' id='word_1_72' title='bbox 335 1074 490 1135; x_wconf 85' lang='lat' dir='ltr'><strong>libet</strong></span> <span class='ocrx_word' id='word_1_73' title='bbox 525 1074 842 1135; x_wconf 80' lang='lat' dir='ltr'><strong>adversum</strong></span> <span class='ocrx_word' id='word_1_74' title='bbox 883 1092 978 1133; x_wconf 88' lang='lat' dir='ltr'><strong>me</strong></span> <span class='ocrx_word' id='word_1_75' title='bbox 1009 1084 1236 1134; x_wconf 86' lang='lat' dir='ltr'><strong>struat:</strong></span> <span class='ocrx_word' id='word_1_76' title='bbox 1279 1090 1416 1131; x_wconf 90' lang='lat' dir='ltr'><strong>nam</strong></span> <span class='ocrx_word' id='word_1_77' title='bbox 1459 1090 1496 1131; x_wconf 88' lang='lat' dir='ltr'><strong>a</strong></span> <span class='ocrx_word' id='word_1_78' title='bbox 1536 1069 1682 1131; x_wconf 87' lang='lat' dir='ltr'><strong>meis</strong></span> <span class='ocrx_word' id='word_1_79' title='bbox 1710 1071 1972 1151; x_wconf 87' lang='lat' dir='ltr'><strong>partibus</strong></span> <span class='ocrx_word' id='word_1_80' title='bbox 2001 1071 2319 1133; x_wconf 88' lang='lat' dir='ltr'><strong>honestum</strong></span> <span class='ocrx_word' id='word_1_81' title='bbox 2346 1088 2407 1135; x_wconf 89' lang='lat' dir='ltr'><strong>et</strong></span> <span class='ocrx_word' id='word_1_82' title='bbox 2423 1076 2653 1155; x_wconf 88' lang='lat' dir='ltr'><strong>justum</strong></span> 
     </span>
     <span class='ocr_line' id='line_1_10' title="bbox 345 1163 2653 1247; baseline 0.002 -20"><span class='ocrx_word' id='word_1_83' title='bbox 345 1167 550 1236; x_wconf 88' lang='lat' dir='ltr'><strong>stabit,</strong></span> <span class='ocrx_word' id='word_1_84' title='bbox 581 1186 694 1227; x_wconf 90' lang='lat' dir='ltr'><strong>nec</strong></span> <span class='ocrx_word' id='word_1_85' title='bbox 723 1186 987 1247; x_wconf 89' lang='lat' dir='ltr'><strong>unquam</strong></span> <span class='ocrx_word' id='word_1_86' title='bbox 1035 1164 1446 1245; x_wconf 87' lang='lat' dir='ltr'><strong>deprehendar</strong></span> <span class='ocrx_word' id='word_1_87' title='bbox 1479 1182 1627 1242; x_wconf 88' lang='lat' dir='ltr'><strong>erga</strong></span> <span class='ocrx_word' id='word_1_88' title='bbox 1672 1163 2095 1245; x_wconf 83' lang='lat' dir='ltr'><strong>rempublicam</strong></span> <span class='ocrx_word' id='word_1_89' title='bbox 2142 1166 2303 1239; x_wconf 89' lang='lat' dir='ltr'><strong>talis,</strong></span> <span class='ocrx_word' id='word_1_90' title='bbox 2330 1169 2527 1247; x_wconf 89' lang='lat' dir='ltr'><strong>qualis</strong></span> <span class='ocrx_word' id='word_1_91' title='bbox 2552 1170 2653 1231; x_wconf 86' lang='lat' dir='ltr'><strong>ille</strong></span> 
     </span>
     <span class='ocr_line' id='line_1_11' title="bbox 275 1256 2652 1341; baseline -0.002 -20"><span class='ocrx_word' id='word_1_92' title='bbox 275 1294 284 1305; x_wconf 92' lang='lat'><strong>·</strong></span> <span class='ocrx_word' id='word_1_93' title='bbox 339 1272 457 1334; x_wconf 87' lang='lat' dir='ltr'><strong>est,</strong></span> <span class='ocrx_word' id='word_1_94' title='bbox 487 1259 730 1323; x_wconf 87' lang='lat' dir='ltr'><strong>timidus</strong></span> <span class='ocrx_word' id='word_1_95' title='bbox 760 1270 822 1321; x_wconf 91' lang='lat' dir='ltr'><strong>et</strong></span> <span class='ocrx_word' id='word_1_96' title='bbox 849 1258 1351 1321; x_wconf 83' lang='lat' dir='ltr'><strong>morbosissimus.</strong></span> <span class='ocrx_word' id='word_1_97' title='bbox 1438 1258 1603 1321; x_wconf 68' lang='lat' dir='ltr'><strong>Sam.</strong></span> <span class='ocrx_word' id='word_1_98' title='bbox 1648 1256 1787 1317; x_wconf 91' lang='lat' dir='ltr'><strong>Huc</strong></span> <span class='ocrx_word' id='word_1_99' title='bbox 1814 1256 1983 1329; x_wconf 87' lang='lat' dir='ltr'><strong>ades,</strong></span> <span class='ocrx_word' id='word_1_100' title='bbox 2008 1256 2209 1330; x_wconf 87' lang='lat' dir='ltr'><strong>Musa,</strong></span> <span class='ocrx_word' id='word_1_101' title='bbox 2236 1278 2371 1338; x_wconf 83' lang='lat' dir='ltr'><strong>quae</strong></span> <span class='ocrx_word' id='word_1_102' title='bbox 2395 1261 2652 1341; x_wconf 70' lang='lat' dir='ltr'><strong>flagran-</strong></span> 
     </span>
     <span class='ocr_line' id='line_1_12' title="bbox 343 1349 2653 1433; baseline 0 -19"><span class='ocrx_word' id='word_1_103' title='bbox 343 1364 462 1415; x_wconf 87' lang='lat' dir='ltr'><strong>tem</strong></span> <span class='ocrx_word' id='word_1_104' title='bbox 493 1354 649 1433; x_wconf 82' lang='lat' dir='ltr'><strong>ignis</strong></span> <span class='ocrx_word' id='word_1_105' title='bbox 676 1353 862 1413; x_wconf 84' lang='lat' dir='ltr'><strong>habes</strong></span> <span class='ocrx_word' id='word_1_106' title='bbox 893 1354 1034 1424; x_wconf 76' lang='lat' dir='ltr'><strong>vim,</strong></span> <span class='ocrx_word' id='word_1_107' title='bbox 1065 1360 1242 1413; x_wconf 87' lang='lat' dir='ltr'><strong>acuta</strong></span> <span class='ocrx_word' id='word_1_108' title='bbox 1269 1350 1625 1420; x_wconf 85' lang='lat' dir='ltr'><strong>Acharnica,</strong></span> <span class='ocrx_word' id='word_1_109' title='bbox 1644 1349 1899 1428; x_wconf 82' lang='lat' dir='ltr'><strong>qualiter</strong></span> <span class='ocrx_word' id='word_1_110' title='bbox 1926 1369 1961 1409; x_wconf 93' lang='lat' dir='ltr'><strong>e</strong></span> <span class='ocrx_word' id='word_1_111' title='bbox 1990 1350 2195 1430; x_wconf 88' lang='lat' dir='ltr'><strong>prunis</strong></span> <span class='ocrx_word' id='word_1_112' title='bbox 2220 1351 2419 1431; x_wconf 85' lang='lat' dir='ltr'><strong>ilignis</strong></span> <span class='ocrx_word' id='word_1_113' title='bbox 2448 1355 2653 1415; x_wconf 80' lang='lat' dir='ltr'><strong>favilla</strong></span> 
     </span>
     <span class='ocr_line' id='line_1_13' title="bbox 341 1441 2651 1526; baseline 0 -19"><span class='ocrx_word' id='word_1_114' title='bbox 341 1446 606 1519; x_wconf 82' lang='lat' dir='ltr'><strong>subsilit,</strong></span> <span class='ocrx_word' id='word_1_115' title='bbox 629 1445 872 1526; x_wconf 86' lang='lat' dir='ltr'><strong>quando</strong></span> <span class='ocrx_word' id='word_1_116' title='bbox 901 1443 1164 1506; x_wconf 87' lang='lat' dir='ltr'><strong>torrendi</strong></span> <span class='ocrx_word' id='word_1_117' title='bbox 1211 1442 1472 1524; x_wconf 72' lang='lat' dir='ltr'><strong>impositi</strong></span> <span class='ocrx_word' id='word_1_118' title='bbox 1515 1452 1655 1501; x_wconf 87' lang='lat' dir='ltr'><strong>sunt</strong></span> <span class='ocrx_word' id='word_1_119' title='bbox 1706 1442 1998 1522; x_wconf 75' lang='lat' dir='ltr'><strong>pisciculi,</strong></span> <span class='ocrx_word' id='word_1_120' title='bbox 2045 1441 2185 1502; x_wconf 90' lang='lat' dir='ltr'><strong>dum</strong></span> <span class='ocrx_word' id='word_1_121' title='bbox 2232 1443 2332 1502; x_wconf 90' lang='lat' dir='ltr'><strong>alii</strong></span> <span class='ocrx_word' id='word_1_122' title='bbox 2370 1445 2651 1509; x_wconf 81' lang='lat' dir='ltr'><strong>Thasiam</strong></span> 
     </span>
     <span class='ocr_line' id='line_1_14' title="bbox 339 1534 2651 1617; baseline -0.001 -16"><span class='ocrx_word' id='word_1_123' title='bbox 339 1539 596 1601; x_wconf 87' lang='lat' dir='ltr'><strong>miscent</strong></span> <span class='ocrx_word' id='word_1_124' title='bbox 641 1548 939 1601; x_wconf 81' lang='lat' dir='ltr'><strong>recentem</strong></span> <span class='ocrx_word' id='word_1_125' title='bbox 985 1537 1256 1609; x_wconf 87' lang='lat' dir='ltr'><strong>muriam,</strong></span> <span class='ocrx_word' id='word_1_126' title='bbox 1311 1535 1410 1595; x_wconf 88' lang='lat' dir='ltr'><strong>alii</strong></span> <span class='ocrx_word' id='word_1_127' title='bbox 1454 1536 1703 1615; x_wconf 83' lang='lat' dir='ltr'><strong>pinsunt</strong></span> <span class='ocrx_word' id='word_1_128' title='bbox 1750 1534 2036 1601; x_wconf 75' lang='lat' dir='ltr'><strong>farinam3</strong></span> <span class='ocrx_word' id='word_1_129' title='bbox 2082 1534 2169 1597; x_wconf 89' lang='lat' dir='ltr'><strong>sic</strong></span> <span class='ocrx_word' id='word_1_130' title='bbox 2218 1538 2351 1597; x_wconf 80' lang='lat' dir='ltr'><strong>veni</strong></span> <span class='ocrx_word' id='word_1_131' title='bbox 2380 1538 2651 1617; x_wconf 86' lang='lat' dir='ltr'><strong>rapidum</strong></span> 
     </span>
     <span class='ocr_line' id='line_1_15' title="bbox 339 1626 2650 1709; baseline -0.001 -16"><span class='ocrx_word' id='word_1_132' title='bbox 339 1650 605 1705; x_wconf 89' lang='lat' dir='ltr'><strong>carmen,</strong></span> <span class='ocrx_word' id='word_1_133' title='bbox 651 1632 972 1703; x_wconf 84' lang='lat' dir='ltr'><strong>intensum,</strong></span> <span class='ocrx_word' id='word_1_134' title='bbox 1021 1638 1277 1709; x_wconf 77' lang='lat' dir='ltr'><strong>agreste,</strong></span> <span class='ocrx_word' id='word_1_135' title='bbox 1334 1639 1534 1688; x_wconf 87' lang='lat' dir='ltr'><strong>tecum</strong></span> <span class='ocrx_word' id='word_1_136' title='bbox 1580 1627 1799 1697; x_wconf 78' lang='lat' dir='ltr'><strong>ferens,</strong></span> <span class='ocrx_word' id='word_1_137' title='bbox 1837 1626 1914 1686; x_wconf 89' lang='lat' dir='ltr'><strong>ad</strong></span> <span class='ocrx_word' id='word_1_138' title='bbox 1958 1644 2053 1687; x_wconf 89' lang='lat' dir='ltr'><strong>me</strong></span> <span class='ocrx_word' id='word_1_139' title='bbox 2092 1628 2433 1707; x_wconf 82' lang='lat' dir='ltr'><strong>popularem</strong></span> <span class='ocrx_word' id='word_1_140' title='bbox 2461 1642 2650 1691; x_wconf 89' lang='lat' dir='ltr'><strong>tuum.</strong></span> 
     </span>
     <span class='ocr_line' id='line_1_16' title="bbox 343 1718 2651 1803; baseline -0.001 -17"><span class='ocrx_word' id='word_1_141' title='bbox 343 1726 564 1785; x_wconf 74' lang='lat' dir='ltr'><strong>cnon.</strong></span> <span class='ocrx_word' id='word_1_142' title='bbox 609 1725 738 1785; x_wconf 88' lang='lat' dir='ltr'><strong>Nos</strong></span> <span class='ocrx_word' id='word_1_143' title='bbox 784 1742 958 1784; x_wconf 86' lang='lat' dir='ltr'><strong>senes</strong></span> <span class='ocrx_word' id='word_1_144' title='bbox 989 1721 1208 1782; x_wconf 84' lang='lat' dir='ltr'><strong>vetusti</strong></span> <span class='ocrx_word' id='word_1_145' title='bbox 1235 1718 1537 1783; x_wconf 79' lang='lat' dir='ltr'><strong>civitatem</strong></span> <span class='ocrx_word' id='word_1_146' title='bbox 1566 1719 1907 1779; x_wconf 88' lang='lat' dir='ltr'><strong>incusamus</strong></span> <span class='ocrx_word' id='word_1_147' title='bbox 1934 1737 1952 1777; x_wconf 71' lang='grc' dir='ltr'>ε</span> <span class='ocrx_word' id='word_1_148' title='bbox 1994 1737 2111 1779; x_wconf 90' lang='lat' dir='ltr'><strong>non</strong></span> <span class='ocrx_word' id='word_1_149' title='bbox 2142 1720 2297 1781; x_wconf 88' lang='lat' dir='ltr'><strong>enim</strong></span> <span class='ocrx_word' id='word_1_150' title='bbox 2320 1741 2428 1801; x_wconf 90' lang='lat' dir='ltr'><strong>pro</strong></span> <span class='ocrx_word' id='word_1_151' title='bbox 2456 1723 2651 1803; x_wconf 86' lang='lat' dir='ltr'><strong>digni·</strong></span> 
     </span>
     <span class='ocr_line' id='line_1_17' title="bbox 347 1810 2649 1893; baseline -0.001 -14"><span class='ocrx_word' id='word_1_152' title='bbox 347 1828 474 1879; x_wconf 85' lang='lat' dir='ltr'><strong>tate</strong></span> <span class='ocrx_word' id='word_1_153' title='bbox 491 1836 684 1879; x_wconf 86' lang='lat' dir='ltr'><strong>rerum</strong></span> <span class='ocrx_word' id='word_1_154' title='bbox 713 1837 752 1877; x_wconf 89' lang='lat' dir='ltr'><strong>a</strong></span> <span class='ocrx_word' id='word_1_155' title='bbox 781 1815 954 1875; x_wconf 89' lang='lat' dir='ltr'><strong>nobis</strong></span> <span class='ocrx_word' id='word_1_156' title='bbox 981 1816 1040 1875; x_wconf 87' lang='lat' dir='ltr'><strong>in</strong></span> <span class='ocrx_word' id='word_1_157' title='bbox 1070 1812 1290 1893; x_wconf 74' lang='lat' dir='ltr'><strong>proeliis</strong></span> <span class='ocrx_word' id='word_1_158' title='bbox 1311 1810 1625 1873; x_wconf 80' lang='lat' dir='ltr'><strong>navalibus</strong></span> <span class='ocrx_word' id='word_1_159' title='bbox 1655 1820 1953 1889; x_wconf 88' lang='lat' dir='ltr'><strong>gestarum</strong></span> <span class='ocrx_word' id='word_1_160' title='bbox 1978 1811 2185 1871; x_wconf 86' lang='lat' dir='ltr'><strong>alimur</strong></span> <span class='ocrx_word' id='word_1_161' title='bbox 2212 1813 2271 1873; x_wconf 89' lang='lat' dir='ltr'><strong>in</strong></span> <span class='ocrx_word' id='word_1_162' title='bbox 2301 1826 2649 1886; x_wconf 68' lang='lat' dir='ltr'><strong>senectutez</strong></span> 
     </span>
     <span class='ocr_line' id='line_1_18' title="bbox 335 1900 2653 1988; baseline -0.003 -15"><span class='ocrx_word' id='word_1_163' title='bbox 335 1909 452 1973; x_wconf 78' lang='lat' dir='ltr'><strong>sed</strong></span> <span class='ocrx_word' id='word_1_164' title='bbox 479 1910 696 1970; x_wconf 87' lang='lat' dir='ltr'><strong>acerba</strong></span> <span class='ocrx_word' id='word_1_165' title='bbox 720 1908 1080 1988; x_wconf 85' lang='lat' dir='ltr'><strong>perpetimur</strong></span> <span class='ocrx_word' id='word_1_166' title='bbox 1123 1925 1162 1966; x_wconf 89' lang='lat' dir='ltr'><strong>a</strong></span> <span class='ocrx_word' id='word_1_167' title='bbox 1206 1906 1372 1965; x_wconf 84' lang='lat' dir='ltr'><strong>vobis</strong></span> <span class='ocrx_word' id='word_1_168' title='bbox 1407 1925 1424 1965; x_wconf 70' lang='grc' dir='ltr'><em>ε</em></span> <span class='ocrx_word' id='word_1_169' title='bbox 1461 1903 1589 1983; x_wconf 90' lang='lat' dir='ltr'><strong>qui,</strong></span> <span class='ocrx_word' id='word_1_170' title='bbox 1617 1900 1862 1982; x_wconf 87' lang='lat' dir='ltr'><strong>quando</strong></span> <span class='ocrx_word' id='word_1_171' title='bbox 1888 1922 1997 1963; x_wconf 88' lang='lat' dir='ltr'><strong>nos</strong></span> <span class='ocrx_word' id='word_1_172' title='bbox 2026 1924 2201 1965; x_wconf 87' lang='lat' dir='ltr'><strong>senes</strong></span> <span class='ocrx_word' id='word_1_173' title='bbox 2231 1904 2431 1966; x_wconf 87' lang='lat' dir='ltr'><strong>litibus</strong></span> <span class='ocrx_word' id='word_1_174' title='bbox 2460 1907 2653 1988; x_wconf 89' lang='lat' dir='ltr'><strong>impli-</strong></span> 
     </span>
     <span class='ocr_line' id='line_1_19' title="bbox 336 1996 2651 2073; baseline -0.002 -8"><span class='ocrx_word' id='word_1_175' title='bbox 336 2002 636 2073; x_wconf 79' lang='lat' dir='ltr'><strong>caveritis,</strong></span> <span class='ocrx_word' id='word_1_176' title='bbox 681 2004 759 2062; x_wconf 87' lang='lat' dir='ltr'><strong>ab</strong></span> <span class='ocrx_word' id='word_1_177' title='bbox 805 2000 1138 2063; x_wconf 86' lang='lat' dir='ltr'><strong>oratoribus</strong></span> <span class='ocrx_word' id='word_1_178' title='bbox 1183 1997 1667 2057; x_wconf 83' lang='lat' dir='ltr'><strong>adolescentibus</strong></span> <span class='ocrx_word' id='word_1_179' title='bbox 1718 2014 1829 2057; x_wconf 89' lang='lat' dir='ltr'><strong>nos</strong></span> <span class='ocrx_word' id='word_1_180' title='bbox 1880 1996 2073 2057; x_wconf 86' lang='lat' dir='ltr'><strong>sinitis</strong></span> <span class='ocrx_word' id='word_1_181' title='bbox 2130 1996 2333 2059; x_wconf 86' lang='lat' dir='ltr'><strong>haberi</strong></span> <span class='ocrx_word' id='word_1_182' title='bbox 2380 1999 2651 2073; x_wconf 88' lang='lat' dir='ltr'><strong>ludibrio,</strong></span> 
     </span>
     <span class='ocr_line' id='line_1_20' title="bbox 337 2088 2651 2179; baseline -0.002 -21"><span class='ocrx_word' id='word_1_183' title='bbox 337 2116 522 2179; x_wconf 83' lang='lat' dir='ltr'><strong>quum</strong></span> <span class='ocrx_word' id='word_1_184' title='bbox 553 2094 700 2155; x_wconf 87' lang='lat' dir='ltr'><strong>nihil</strong></span> <span class='ocrx_word' id='word_1_185' title='bbox 729 2094 916 2154; x_wconf 86' lang='lat' dir='ltr'><strong>simus</strong></span> <span class='ocrx_word' id='word_1_186' title='bbox 943 2091 1219 2171; x_wconf 87' lang='lat' dir='ltr'><strong>amplius,</strong></span> <span class='ocrx_word' id='word_1_187' title='bbox 1251 2088 1357 2151; x_wconf 91' lang='lat' dir='ltr'><strong>sed</strong></span> <span class='ocrx_word' id='word_1_188' title='bbox 1386 2090 1631 2151; x_wconf 87' lang='lat' dir='ltr'><strong>hebetes</strong></span> <span class='ocrx_word' id='word_1_189' title='bbox 1660 2098 1723 2149; x_wconf 89' lang='lat' dir='ltr'><strong>et</strong></span> <span class='ocrx_word' id='word_1_190' title='bbox 1739 2088 1959 2163; x_wconf 86' lang='lat' dir='ltr'><strong>detriti,</strong></span> <span class='ocrx_word' id='word_1_191' title='bbox 1988 2089 2201 2169; x_wconf 91' lang='lat' dir='ltr'><strong>quibus</strong></span> <span class='ocrx_word' id='word_1_192' title='bbox 2232 2110 2339 2169; x_wconf 92' lang='lat' dir='ltr'><strong>pro</strong></span> <span class='ocrx_word' id='word_1_193' title='bbox 2368 2090 2651 2174; x_wconf 87' lang='lat' dir='ltr'><strong>Neptuno</strong></span> 
     </span>
     <span class='ocr_line' id='line_1_21' title="bbox 335 2181 2649 2262; baseline -0.003 -10"><span class='ocrx_word' id='word_1_194' title='bbox 335 2191 558 2253; x_wconf 83' lang='lat' dir='ltr'><strong>Tutore</strong></span> <span class='ocrx_word' id='word_1_195' title='bbox 585 2201 682 2249; x_wconf 86' lang='lat' dir='ltr'><strong>est</strong></span> <span class='ocrx_word' id='word_1_196' title='bbox 705 2185 978 2249; x_wconf 87' lang='lat' dir='ltr'><strong>baculus.</strong></span> <span class='ocrx_word' id='word_1_197' title='bbox 1063 2186 1304 2247; x_wconf 85' lang='lat' dir='ltr'><strong>Stamus</strong></span> <span class='ocrx_word' id='word_1_198' title='bbox 1330 2194 1528 2244; x_wconf 82' lang='lat' dir='ltr'><strong>autem</strong></span> <span class='ocrx_word' id='word_1_199' title='bbox 1560 2192 1993 2243; x_wconf 82' lang='lat' dir='ltr'><strong>murmurantes</strong></span> <span class='ocrx_word' id='word_1_200' title='bbox 2031 2182 2108 2242; x_wconf 88' lang='lat' dir='ltr'><strong>ad</strong></span> <span class='ocrx_word' id='word_1_201' title='bbox 2137 2181 2431 2262; x_wconf 86' lang='lat' dir='ltr'><strong>lapideum</strong></span> <span class='ocrx_word' id='word_1_202' title='bbox 2463 2184 2649 2245; x_wconf 89' lang='lat' dir='ltr'><strong>tribu-</strong></span> 
     </span>
     <span class='ocr_line' id='line_1_22' title="bbox 335 2275 2647 2358; baseline -0.001 -15"><span class='ocrx_word' id='word_1_203' title='bbox 335 2282 462 2356; x_wconf 88' lang='lat' dir='ltr'><strong>nal,</strong></span> <span class='ocrx_word' id='word_1_204' title='bbox 489 2280 638 2341; x_wconf 91' lang='lat' dir='ltr'><strong>nihil</strong></span> <span class='ocrx_word' id='word_1_205' title='bbox 665 2278 938 2341; x_wconf 84' lang='lat' dir='ltr'><strong>videntes</strong></span> <span class='ocrx_word' id='word_1_206' title='bbox 967 2287 1182 2358; x_wconf 71' lang='lat' dir='ltr'><strong>preter</strong></span> <span class='ocrx_word' id='word_1_207' title='bbox 1211 2277 1484 2337; x_wconf 81' lang='lat' dir='ltr'><strong>nebulam</strong></span> <span class='ocrx_word' id='word_1_208' title='bbox 1507 2275 1773 2335; x_wconf 76' lang='lat' dir='ltr'><strong>Justitioe</strong></span> <span class='ocrx_word' id='word_1_209' title='bbox 1794 2276 2230 2337; x_wconf 83' lang='lat' dir='ltr'><strong>circumfusam.</strong></span> <span class='ocrx_word' id='word_1_210' title='bbox 2287 2278 2369 2337; x_wconf 86' lang='lat' dir='ltr'><strong>At</strong></span> <span class='ocrx_word' id='word_1_211' title='bbox 2386 2277 2647 2356; x_wconf 77' lang='lat' dir='ltr'><strong>juvenis,</strong></span> 
     </span>
     <span class='ocr_line' id='line_1_23' title="bbox 334 2368 2650 2456; baseline -0 -21"><span class='ocrx_word' id='word_1_212' title='bbox 334 2375 440 2456; x_wconf 90' lang='lat' dir='ltr'><strong>qui</strong></span> <span class='ocrx_word' id='word_1_213' title='bbox 465 2393 668 2437; x_wconf 87' lang='lat' dir='ltr'><strong>secum</strong></span> <span class='ocrx_word' id='word_1_214' title='bbox 698 2370 1020 2433; x_wconf 86' lang='lat' dir='ltr'><strong>meditatus</strong></span> <span class='ocrx_word' id='word_1_215' title='bbox 1049 2380 1146 2431; x_wconf 87' lang='lat' dir='ltr'><strong>est</strong></span> <span class='ocrx_word' id='word_1_216' title='bbox 1163 2388 1380 2431; x_wconf 86' lang='lat' dir='ltr'><strong>causas</strong></span> <span class='ocrx_word' id='word_1_217' title='bbox 1423 2387 1613 2439; x_wconf 89' lang='lat' dir='ltr'><strong>orare,</strong></span> <span class='ocrx_word' id='word_1_218' title='bbox 1645 2369 1769 2428; x_wconf 89' lang='lat' dir='ltr'><strong>cito</strong></span> <span class='ocrx_word' id='word_1_219' title='bbox 1812 2387 1977 2435; x_wconf 83' lang='lat' dir='ltr'><strong>reum</strong></span> <span class='ocrx_word' id='word_1_220' title='bbox 2016 2368 2149 2431; x_wconf 85' lang='lat' dir='ltr'><strong>ferit</strong></span> <span class='ocrx_word' id='word_1_221' title='bbox 2176 2370 2467 2445; x_wconf 85' lang='lat' dir='ltr'><strong>rotundis,</strong></span> <span class='ocrx_word' id='word_1_222' title='bbox 2510 2392 2650 2452; x_wconf 77' lang='lat' dir='ltr'><strong>quoe</strong></span> 
     </span>
     <span class='ocr_line' id='line_1_24' title="bbox 334 2459 2648 2548; baseline -0.001 -19"><span class='ocrx_word' id='word_1_223' title='bbox 334 2468 600 2548; x_wconf 89' lang='lat' dir='ltr'><strong>copulat,</strong></span> <span class='ocrx_word' id='word_1_224' title='bbox 639 2466 870 2533; x_wconf 77' lang='lat' dir='ltr'><strong>verbis:</strong></span> <span class='ocrx_word' id='word_1_225' title='bbox 915 2462 1134 2526; x_wconf 86' lang='lat' dir='ltr'><strong>deinde</strong></span> <span class='ocrx_word' id='word_1_226' title='bbox 1161 2470 1524 2545; x_wconf 85' lang='lat' dir='ltr'><strong>protractum</strong></span> <span class='ocrx_word' id='word_1_227' title='bbox 1571 2461 1915 2540; x_wconf 82' lang='lat' dir='ltr'><strong>interrogat,</strong></span> <span class='ocrx_word' id='word_1_228' title='bbox 1965 2459 2301 2525; x_wconf 83' lang='lat' dir='ltr'><strong>tendiculas</strong></span> <span class='ocrx_word' id='word_1_229' title='bbox 2340 2467 2648 2527; x_wconf 82' lang='lat' dir='ltr'><strong>verborum</strong></span> 
     </span>
     <span class='ocr_line' id='line_1_25' title="bbox 331 2554 2650 2635; baseline -0.002 -12"><span class='ocrx_word' id='word_1_230' title='bbox 331 2570 629 2634; x_wconf 82' lang='lat' dir='ltr'><strong>statuens,</strong></span> <span class='ocrx_word' id='word_1_231' title='bbox 673 2558 996 2621; x_wconf 87' lang='lat' dir='ltr'><strong>Tithonum</strong></span> <span class='ocrx_word' id='word_1_232' title='bbox 1029 2557 1322 2627; x_wconf 87' lang='lat' dir='ltr'><strong>lacerans,</strong></span> <span class='ocrx_word' id='word_1_233' title='bbox 1354 2556 1623 2627; x_wconf 88' lang='lat' dir='ltr'><strong>turbans,</strong></span> <span class='ocrx_word' id='word_1_234' title='bbox 1652 2572 1919 2615; x_wconf 78' lang='lat' dir='ltr'><strong>vexans:</strong></span> <span class='ocrx_word' id='word_1_235' title='bbox 1963 2564 2025 2615; x_wconf 88' lang='lat' dir='ltr'><strong>at</strong></span> <span class='ocrx_word' id='word_1_236' title='bbox 2058 2554 2171 2616; x_wconf 88' lang='lat' dir='ltr'><strong>iste</strong></span> <span class='ocrx_word' id='word_1_237' title='bbox 2192 2572 2317 2635; x_wconf 76' lang='lat' dir='ltr'><strong>proe</strong></span> <span class='ocrx_word' id='word_1_238' title='bbox 2343 2568 2650 2621; x_wconf 84' lang='lat' dir='ltr'><strong>senectute</strong></span> 
     </span>
     <span class='ocr_line' id='line_1_26' title="bbox 332 2645 2653 2730; baseline -0.001 -14"><span class='ocrx_word' id='word_1_239' title='bbox 332 2654 496 2715; x_wconf 88' lang='lat' dir='ltr'><strong>labia</strong></span> <span class='ocrx_word' id='word_1_240' title='bbox 537 2652 876 2720; x_wconf 74' lang='lat' dir='ltr'><strong>contrahit:</strong></span> <span class='ocrx_word' id='word_1_241' title='bbox 937 2648 1157 2711; x_wconf 89' lang='lat' dir='ltr'><strong>deinde</strong></span> <span class='ocrx_word' id='word_1_242' title='bbox 1206 2647 1456 2709; x_wconf 89' lang='lat' dir='ltr'><strong>multam</strong></span> <span class='ocrx_word' id='word_1_243' title='bbox 1499 2645 1730 2707; x_wconf 87' lang='lat' dir='ltr'><strong>debens</strong></span> <span class='ocrx_word' id='word_1_244' title='bbox 1786 2647 1947 2708; x_wconf 87' lang='lat' dir='ltr'><strong>abit:</strong></span> <span class='ocrx_word' id='word_1_245' title='bbox 2010 2658 2219 2726; x_wconf 84' lang='lat' dir='ltr'><strong>postea</strong></span> <span class='ocrx_word' id='word_1_246' title='bbox 2256 2650 2531 2730; x_wconf 83' lang='lat' dir='ltr'><strong>singultit</strong></span> <span class='ocrx_word' id='word_1_247' title='bbox 2588 2664 2653 2713; x_wconf 90' lang='lat' dir='ltr'><strong>et</strong></span> 
     </span>
     <span class='ocr_line' id='line_1_27' title="bbox 333 2739 2653 2824; baseline -0.007 -15"><span class='ocrx_word' id='word_1_248' title='bbox 333 2746 627 2817; x_wconf 87' lang='lat' dir='ltr'><strong>lacrimat,</strong></span> <span class='ocrx_word' id='word_1_249' title='bbox 655 2744 981 2824; x_wconf 84' lang='lat' dir='ltr'><strong>amicisque</strong></span> <span class='ocrx_word' id='word_1_250' title='bbox 1009 2741 1156 2803; x_wconf 88' lang='lat' dir='ltr'><strong>dicit</strong></span> <span class='ocrx_word' id='word_1_251' title='bbox 1179 2761 1196 2802; x_wconf 68' lang='grc' dir='ltr'><strong><em>ι</em></strong></span> <span class='ocrx_word' id='word_1_252' title='bbox 1245 2742 1374 2812; x_wconf 72' lang='lat' dir='ltr'><strong>Quo</strong></span> <span class='ocrx_word' id='word_1_253' title='bbox 1399 2740 1551 2799; x_wconf 68' lang='lat' dir='ltr'><strong>milti</strong></span> <span class='ocrx_word' id='word_1_254' title='bbox 1578 2739 1891 2819; x_wconf 73' lang='lat' dir='ltr'><strong>sandapila</strong></span> <span class='ocrx_word' id='word_1_255' title='bbox 1918 2747 2044 2801; x_wconf 72' lang='lat' dir='ltr'><strong>erat</strong></span> <span class='ocrx_word' id='word_1_256' title='bbox 2072 2742 2343 2815; x_wconf 75' lang='lat' dir='ltr'><strong>emunda,</strong></span> <span class='ocrx_word' id='word_1_257' title='bbox 2371 2744 2479 2805; x_wconf 68' lang='lat'><strong>1⁸00</strong></span> <span class='ocrx_word' id='word_1_258' title='bbox 2500 2745 2653 2807; x_wconf 53' lang='lat'><strong>2231.</strong></span> 
     </span>
     <span class='ocr_line' id='line_1_28' title="bbox 319 2832 2651 2913; baseline 0 -14"><span class='ocrx_word' id='word_1_259' title='bbox 319 2847 500 2901; x_wconf 54' lang='lat' dir='ltr'><strong>{aas</strong></span> <span class='ocrx_word' id='word_1_260' title='bbox 523 2840 704 2903; x_wconf 57' lang='lat' dir='ltr'><strong>abeo..</strong></span> <span class='ocrx_word' id='word_1_261' title='bbox 767 2838 932 2899; x_wconf 74' lang='lat' dir='ltr'><strong>Seu.</strong></span> <span class='ocrx_word' id='word_1_262' title='bbox 977 2834 1246 2897; x_wconf 86' lang='lat' dir='ltr'><strong>Hoccine</strong></span> <span class='ocrx_word' id='word_1_263' title='bbox 1301 2832 1482 2894; x_wconf 89' lang='lat' dir='ltr'><strong>modo</strong></span> <span class='ocrx_word' id='word_1_264' title='bbox 1511 2843 1751 2912; x_wconf 75' lang='lat' dir='ltr'><strong>oequum</strong></span> <span class='ocrx_word' id='word_1_265' title='bbox 1778 2842 1871 2893; x_wconf 85' lang='lat' dir='ltr'><strong>est</strong></span> <span class='ocrx_word' id='word_1_266' title='bbox 1894 2852 2097 2893; x_wconf 87' lang='lat' dir='ltr'><strong>senem</strong></span> <span class='ocrx_word' id='word_1_267' title='bbox 2140 2834 2405 2913; x_wconf 87' lang='lat' dir='ltr'><strong>perdere,</strong></span> <span class='ocrx_word' id='word_1_268' title='bbox 2434 2855 2651 2899; x_wconf 75' lang='lat' dir='ltr'><strong>canum</strong></span> 
     </span>
     <span class='ocr_line' id='line_1_29' title="bbox 327 2925 2651 3013; baseline -0.002 -20"><span class='ocrx_word' id='word_1_269' title='bbox 327 2933 655 3005; x_wconf 82' lang='lat' dir='ltr'><strong>hominem,</strong></span> <span class='ocrx_word' id='word_1_270' title='bbox 685 2930 850 3013; x_wconf 85' lang='lat' dir='ltr'><strong>apud</strong></span> <span class='ocrx_word' id='word_1_271' title='bbox 876 2928 1294 3010; x_wconf 79' lang='lat' dir='ltr'><strong>clepsydram,</strong></span> <span class='ocrx_word' id='word_1_272' title='bbox 1321 2925 1424 3007; x_wconf 87' lang='lat' dir='ltr'><strong>qui</strong></span> <span class='ocrx_word' id='word_1_273' title='bbox 1444 2925 1667 2985; x_wconf 87' lang='lat' dir='ltr'><strong>multos</strong></span> <span class='ocrx_word' id='word_1_274' title='bbox 1694 2925 1929 2986; x_wconf 88' lang='lat' dir='ltr'><strong>labores</strong></span> <span class='ocrx_word' id='word_1_275' title='bbox 1950 2946 2085 2986; x_wconf 87' lang='lat' dir='ltr'><strong>cum</strong></span> <span class='ocrx_word' id='word_1_276' title='bbox 2114 2925 2421 2989; x_wconf 82' lang='lat' dir='ltr'><strong>sodalibus</strong></span> <span class='ocrx_word' id='word_1_277' title='bbox 2448 2940 2651 3009; x_wconf 83' lang='lat' dir='ltr'><strong>pertu-</strong></span> 
     </span>
     <span class='ocr_line' id='line_1_30' title="bbox 329 3017 2649 3099; baseline -0.003 -10"><span class='ocrx_word' id='word_1_278' title='bbox 329 3025 423 3099; x_wconf 86' lang='lat' dir='ltr'><strong>lit,</strong></span> <span class='ocrx_word' id='word_1_279' title='bbox 449 3036 514 3087; x_wconf 88' lang='lat' dir='ltr'><strong>et</strong></span> <span class='ocrx_word' id='word_1_280' title='bbox 537 3024 800 3087; x_wconf 84' lang='lat' dir='ltr'><strong>calidum</strong></span> <span class='ocrx_word' id='word_1_281' title='bbox 831 3020 1112 3083; x_wconf 86' lang='lat' dir='ltr'><strong>abstersit</strong></span> <span class='ocrx_word' id='word_1_282' title='bbox 1139 3020 1367 3081; x_wconf 87' lang='lat' dir='ltr'><strong>virilem</strong></span> <span class='ocrx_word' id='word_1_283' title='bbox 1399 3017 1699 3089; x_wconf 89' lang='lat' dir='ltr'><strong>sudorem,</strong></span> <span class='ocrx_word' id='word_1_284' title='bbox 1734 3037 1984 3097; x_wconf 89' lang='lat' dir='ltr'><strong>eumque</strong></span> <span class='ocrx_word' id='word_1_285' title='bbox 2013 3018 2275 3094; x_wconf 88' lang='lat' dir='ltr'><strong>uberem,</strong></span> <span class='ocrx_word' id='word_1_286' title='bbox 2307 3021 2409 3099; x_wconf 89' lang='lat' dir='ltr'><strong>qui</strong></span> <span class='ocrx_word' id='word_1_287' title='bbox 2438 3020 2649 3083; x_wconf 76' lang='lat' dir='ltr'><strong>fortem</strong></span> 
     </span>
     <span class='ocr_line' id='line_1_31' title="bbox 337 3110 2652 3197; baseline 0 -21"><span class='ocrx_word' id='word_1_288' title='bbox 337 3137 404 3181; x_wconf 87' lang='lat' dir='ltr'><strong>se</strong></span> <span class='ocrx_word' id='word_1_289' title='bbox 431 3116 716 3197; x_wconf 79' lang='lat' dir='ltr'><strong>proestitit</strong></span> <span class='ocrx_word' id='word_1_290' title='bbox 743 3114 1102 3173; x_wconf 88' lang='lat' dir='ltr'><strong>Marathone</strong></span> <span class='ocrx_word' id='word_1_291' title='bbox 1131 3132 1238 3191; x_wconf 89' lang='lat' dir='ltr'><strong>pro</strong></span> <span class='ocrx_word' id='word_1_292' title='bbox 1267 3110 1614 3193; x_wconf 71' lang='lat' dir='ltr'><strong>republica?</strong></span> <span class='ocrx_word' id='word_1_293' title='bbox 1660 3111 1827 3171; x_wconf 81' lang='lat' dir='ltr'><strong>Itane</strong></span> <span class='ocrx_word' id='word_1_294' title='bbox 1870 3130 2032 3182; x_wconf 86' lang='lat' dir='ltr'><strong>vero,</strong></span> <span class='ocrx_word' id='word_1_295' title='bbox 2074 3131 2253 3191; x_wconf 90' lang='lat' dir='ltr'><strong>quum</strong></span> <span class='ocrx_word' id='word_1_296' title='bbox 2288 3113 2652 3192; x_wconf 80' lang='lat' dir='ltr'><strong>vigebamus,</strong></span> 
     </span>
     <span class='ocr_line' id='line_1_32' title="bbox 330 3202 2649 3285; baseline -0.001 -14"><span class='ocrx_word' id='word_1_297' title='bbox 330 3212 570 3271; x_wconf 83' lang='lat' dir='ltr'><strong>hostem</strong></span> <span class='ocrx_word' id='word_1_298' title='bbox 621 3205 982 3267; x_wconf 87' lang='lat' dir='ltr'><strong>Marathone</strong></span> <span class='ocrx_word' id='word_1_299' title='bbox 1027 3204 1442 3285; x_wconf 89' lang='lat' dir='ltr'><strong>persequendo</strong></span> <span class='ocrx_word' id='word_1_300' title='bbox 1485 3202 1831 3284; x_wconf 85' lang='lat' dir='ltr'><strong>premimus,</strong></span> <span class='ocrx_word' id='word_1_301' title='bbox 1880 3213 1941 3263; x_wconf 90' lang='lat' dir='ltr'><strong>et</strong></span> <span class='ocrx_word' id='word_1_302' title='bbox 1982 3223 2143 3263; x_wconf 89' lang='lat' dir='ltr'><strong>nunc</strong></span> <span class='ocrx_word' id='word_1_303' title='bbox 2187 3206 2263 3265; x_wconf 88' lang='lat' dir='ltr'><strong>ab</strong></span> <span class='ocrx_word' id='word_1_304' title='bbox 2315 3205 2649 3268; x_wconf 88' lang='lat' dir='ltr'><strong>hominibus</strong></span> 
     </span>
     <span class='ocr_line' id='line_1_33' title="bbox 326 3295 2649 3380; baseline -0.001 -19"><span class='ocrx_word' id='word_1_305' title='bbox 326 3299 612 3380; x_wconf 84' lang='lat' dir='ltr'><strong>improbis</strong></span> <span class='ocrx_word' id='word_1_306' title='bbox 641 3297 958 3378; x_wconf 88' lang='lat' dir='ltr'><strong>premimur</strong></span> <span class='ocrx_word' id='word_1_307' title='bbox 985 3296 1349 3367; x_wconf 85' lang='lat' dir='ltr'><strong>criminibus,</strong></span> <span class='ocrx_word' id='word_1_308' title='bbox 1385 3306 1448 3357; x_wconf 90' lang='lat' dir='ltr'><strong>et</strong></span> <span class='ocrx_word' id='word_1_309' title='bbox 1482 3296 1951 3357; x_wconf 87' lang='lat' dir='ltr'><strong>condemnamur</strong></span> <span class='ocrx_word' id='word_1_310' title='bbox 1970 3295 2207 3359; x_wconf 88' lang='lat' dir='ltr'><strong>demum</strong></span> <span class='ocrx_word' id='word_1_311' title='bbox 2228 3296 2253 3355; x_wconf 73' lang='lat'><em>2</em></span> <span class='ocrx_word' id='word_1_312' title='bbox 2273 3300 2421 3368; x_wconf 88' lang='lat' dir='ltr'><strong>Quis</strong></span> <span class='ocrx_word' id='word_1_313' title='bbox 2443 3300 2649 3379; x_wconf 74' lang='lat' dir='ltr'><strong>Marp-</strong></span> 
     </span>
     <span class='ocr_line' id='line_1_34' title="bbox 330 3387 2649 3472; baseline 0 -19"><span class='ocrx_word' id='word_1_314' title='bbox 330 3394 452 3453; x_wconf 86' lang='lat' dir='ltr'><strong>sias</strong></span> <span class='ocrx_word' id='word_1_315' title='bbox 493 3402 704 3451; x_wconf 86' lang='lat' dir='ltr'><strong>contra</strong></span> <span class='ocrx_word' id='word_1_316' title='bbox 743 3388 876 3449; x_wconf 82' lang='lat' dir='ltr'><strong>hoec</strong></span> <span class='ocrx_word' id='word_1_317' title='bbox 915 3389 1138 3469; x_wconf 87' lang='lat' dir='ltr'><strong>aliquid</strong></span> <span class='ocrx_word' id='word_1_318' title='bbox 1180 3388 1383 3449; x_wconf 69' lang='lat' dir='ltr'><strong>dicet?</strong></span> <span class='ocrx_word' id='word_1_319' title='bbox 1467 3388 1683 3449; x_wconf 77' lang='lat' dir='ltr'><strong>Cnon.</strong></span> <span class='ocrx_word' id='word_1_320' title='bbox 1726 3387 2043 3458; x_wconf 87' lang='lat' dir='ltr'><strong>Quomodo</strong></span> <span class='ocrx_word' id='word_1_321' title='bbox 2086 3390 2241 3451; x_wconf 89' lang='lat' dir='ltr'><strong>enim</strong></span> <span class='ocrx_word' id='word_1_322' title='bbox 2271 3412 2507 3472; x_wconf 82' lang='lat' dir='ltr'><strong>aequum</strong></span> <span class='ocrx_word' id='word_1_323' title='bbox 2535 3405 2649 3461; x_wconf 82' lang='lat' dir='ltr'><strong>est,</strong></span> 
     </span>
     <span class='ocr_line' id='line_1_35' title="bbox 327 3480 2651 3564; baseline 0.001 -21"><span class='ocrx_word' id='word_1_324' title='bbox 327 3482 633 3545; x_wconf 88' lang='lat' dir='ltr'><strong>hominem</strong></span> <span class='ocrx_word' id='word_1_325' title='bbox 691 3482 862 3543; x_wconf 86' lang='lat' dir='ltr'><strong>senio</strong></span> <span class='ocrx_word' id='word_1_326' title='bbox 911 3480 1244 3551; x_wconf 87' lang='lat' dir='ltr'><strong>incurvum,</strong></span> <span class='ocrx_word' id='word_1_327' title='bbox 1299 3482 1498 3560; x_wconf 83' lang='lat' dir='ltr'><strong>qualis</strong></span> <span class='ocrx_word' id='word_1_328' title='bbox 1548 3492 1641 3540; x_wconf 85' lang='lat' dir='ltr'><strong>est</strong></span> <span class='ocrx_word' id='word_1_329' title='bbox 1668 3480 2071 3561; x_wconf 81' lang='lat' dir='ltr'><strong>Thucydides,</strong></span> <span class='ocrx_word' id='word_1_330' title='bbox 2118 3484 2325 3562; x_wconf 85' lang='lat' dir='ltr'><strong>perire,</strong></span> <span class='ocrx_word' id='word_1_331' title='bbox 2364 3494 2651 3564; x_wconf 87' lang='lat' dir='ltr'><strong>tanquam</strong></span> 
     </span>
     <span class='ocr_line' id='line_1_36' title="bbox 333 3572 2651 3657; baseline -0.001 -20"><span class='ocrx_word' id='word_1_332' title='bbox 333 3576 638 3656; x_wconf 78' lang='lat' dir='ltr'><strong>Scythicoe</strong></span> <span class='ocrx_word' id='word_1_333' title='bbox 677 3574 1040 3653; x_wconf 86' lang='lat' dir='ltr'><strong>implicatum</strong></span> <span class='ocrx_word' id='word_1_334' title='bbox 1083 3573 1412 3645; x_wconf 88' lang='lat' dir='ltr'><strong>solitudini,</strong></span> <span class='ocrx_word' id='word_1_335' title='bbox 1441 3572 1743 3652; x_wconf 82' lang='lat' dir='ltr'><strong>negotium</strong></span> <span class='ocrx_word' id='word_1_336' title='bbox 1771 3573 2089 3635; x_wconf 86' lang='lat' dir='ltr'><strong>habentem</strong></span> <span class='ocrx_word' id='word_1_337' title='bbox 2112 3594 2247 3635; x_wconf 88' lang='lat' dir='ltr'><strong>cum</strong></span> <span class='ocrx_word' id='word_1_338' title='bbox 2286 3575 2399 3637; x_wconf 88' lang='lat' dir='ltr'><strong>hoc</strong></span> <span class='ocrx_word' id='word_1_339' title='bbox 2428 3576 2651 3657; x_wconf 87' lang='lat' dir='ltr'><strong>Cephi-</strong></span> 
     </span>
     <span class='ocr_line' id='line_1_37' title="bbox 329 3666 2653 3747; baseline 0 -17"><span class='ocrx_word' id='word_1_340' title='bbox 329 3668 604 3740; x_wconf 89' lang='lat' dir='ltr'><strong>sodemo,</strong></span> <span class='ocrx_word' id='word_1_341' title='bbox 635 3668 874 3747; x_wconf 87' lang='lat' dir='ltr'><strong>loquaci</strong></span> <span class='ocrx_word' id='word_1_342' title='bbox 905 3666 1259 3727; x_wconf 75' lang='lat' dir='ltr'><strong>causidico?</strong></span> <span class='ocrx_word' id='word_1_343' title='bbox 1345 3667 1584 3747; x_wconf 87' lang='lat' dir='ltr'><strong>Quippe</strong></span> <span class='ocrx_word' id='word_1_344' title='bbox 1601 3666 1917 3727; x_wconf 87' lang='lat' dir='ltr'><strong>miseratus</strong></span> <span class='ocrx_word' id='word_1_345' title='bbox 1948 3685 2103 3739; x_wconf 85' lang='lat' dir='ltr'><strong>sum,</strong></span> <span class='ocrx_word' id='word_1_346' title='bbox 2130 3678 2193 3727; x_wconf 91' lang='lat' dir='ltr'><strong>et</strong></span> <span class='ocrx_word' id='word_1_347' title='bbox 2210 3667 2486 3729; x_wconf 88' lang='lat' dir='ltr'><strong>lacrimas</strong></span> <span class='ocrx_word' id='word_1_348' title='bbox 2508 3669 2653 3731; x_wconf 88' lang='lat' dir='ltr'><strong>mihi</strong></span> 
     </span>
     <span class='ocr_line' id='line_1_38' title="bbox 333 3758 2650 3845; baseline -0.001 -22"><span class='ocrx_word' id='word_1_349' title='bbox 333 3760 578 3833; x_wconf 84' lang='lat' dir='ltr'><strong>detersi,</strong></span> <span class='ocrx_word' id='word_1_350' title='bbox 607 3779 790 3839; x_wconf 90' lang='lat' dir='ltr'><strong>quum</strong></span> <span class='ocrx_word' id='word_1_351' title='bbox 815 3759 936 3820; x_wconf 83' lang='lat' dir='ltr'><strong>vidi</strong></span> <span class='ocrx_word' id='word_1_352' title='bbox 959 3778 996 3818; x_wconf 89' lang='lat' dir='ltr'><strong>a</strong></span> <span class='ocrx_word' id='word_1_353' title='bbox 1023 3759 1334 3838; x_wconf 87' lang='lat' dir='ltr'><strong>sagittario</strong></span> <span class='ocrx_word' id='word_1_354' title='bbox 1353 3760 1551 3821; x_wconf 80' lang='lat' dir='ltr'><strong>vexari</strong></span> <span class='ocrx_word' id='word_1_355' title='bbox 1577 3778 1779 3819; x_wconf 87' lang='lat' dir='ltr'><strong>senem</strong></span> <span class='ocrx_word' id='word_1_356' title='bbox 1804 3758 2013 3831; x_wconf 76' lang='lat' dir='ltr'><strong>virum,</strong></span> <span class='ocrx_word' id='word_1_357' title='bbox 2030 3759 2441 3840; x_wconf 79' lang='lat' dir='ltr'><strong>Thucydidem</strong></span> <span class='ocrx_word' id='word_1_358' title='bbox 2460 3761 2650 3845; x_wconf 75' lang='lat' dir='ltr'><strong>illum,</strong></span> 
     </span>
     <span class='ocr_line' id='line_1_39' title="bbox 324 3852 2646 3934; baseline 0.001 -23"><span class='ocrx_word' id='word_1_359' title='bbox 324 3853 448 3932; x_wconf 88' lang='lat' dir='ltr'><strong>qui,</strong></span> <span class='ocrx_word' id='word_1_360' title='bbox 469 3852 556 3915; x_wconf 85' lang='lat' dir='ltr'><strong>ita</strong></span> <span class='ocrx_word' id='word_1_361' title='bbox 581 3871 676 3911; x_wconf 85' lang='lat' dir='ltr'><strong>me</strong></span> <span class='ocrx_word' id='word_1_362' title='bbox 697 3854 882 3913; x_wconf 84' lang='lat' dir='ltr'><strong>Ceres</strong></span> <span class='ocrx_word' id='word_1_363' title='bbox 909 3863 1089 3924; x_wconf 87' lang='lat' dir='ltr'><strong>amet,</strong></span> <span class='ocrx_word' id='word_1_364' title='bbox 1130 3872 1314 3931; x_wconf 86' lang='lat' dir='ltr'><strong>quum</strong></span> <span class='ocrx_word' id='word_1_365' title='bbox 1357 3853 1589 3930; x_wconf 81' lang='lat' dir='ltr'><strong>integer</strong></span> <span class='ocrx_word' id='word_1_366' title='bbox 1614 3861 1779 3911; x_wconf 88' lang='lat' dir='ltr'><strong>esset</strong></span> <span class='ocrx_word' id='word_1_367' title='bbox 1806 3852 1943 3923; x_wconf 80' lang='lat' dir='ltr'><strong>aevi,</strong></span> <span class='ocrx_word' id='word_1_368' title='bbox 1972 3871 2049 3913; x_wconf 89' lang='lat' dir='ltr'><strong>ne</strong></span> <span class='ocrx_word' id='word_1_369' title='bbox 2092 3853 2365 3913; x_wconf 88' lang='lat' dir='ltr'><strong>Cererem</strong></span> <span class='ocrx_word' id='word_1_370' title='bbox 2398 3855 2646 3934; x_wconf 77' lang='lat' dir='ltr'><strong>quidem</strong></span> 
     </span>
     <span class='ocr_line' id='line_1_40' title="bbox 323 3943 2645 4028; baseline -0 -19"><span class='ocrx_word' id='word_1_371' title='bbox 323 3948 516 4028; x_wconf 86' lang='lat' dir='ltr'><strong>ipsam</strong></span> <span class='ocrx_word' id='word_1_372' title='bbox 545 3945 720 4006; x_wconf 78' lang='lat' dir='ltr'><strong>facile</strong></span> <span class='ocrx_word' id='word_1_373' title='bbox 747 3964 962 4025; x_wconf 89' lang='lat' dir='ltr'><strong>passus</strong></span> <span class='ocrx_word' id='word_1_374' title='bbox 991 3944 1204 4006; x_wconf 81' lang='lat' dir='ltr'><strong>suisset</strong></span> <span class='ocrx_word' id='word_1_375' title='bbox 1251 3944 1364 4007; x_wconf 91' lang='lat' dir='ltr'><strong>sibi</strong></span> <span class='ocrx_word' id='word_1_376' title='bbox 1403 3943 1715 4003; x_wconf 87' lang='lat' dir='ltr'><strong>molestam</strong></span> <span class='ocrx_word' id='word_1_377' title='bbox 1764 3962 1933 4005; x_wconf 78' lang='lat' dir='ltr'><strong>esse:</strong></span> <span class='ocrx_word' id='word_1_378' title='bbox 1978 3963 2179 4005; x_wconf 81' lang='lat' dir='ltr'><strong>verum</strong></span> <span class='ocrx_word' id='word_1_379' title='bbox 2214 3946 2467 4025; x_wconf 86' lang='lat' dir='ltr'><strong>primum</strong></span> <span class='ocrx_word' id='word_1_380' title='bbox 2511 3948 2645 4027; x_wconf 91' lang='lat' dir='ltr'><strong>qui-</strong></span> 
     </span>
     <span class='ocr_line' id='line_1_41' title="bbox 325 4036 2657 4118; baseline 0.001 -19"><span class='ocrx_word' id='word_1_381' title='bbox 325 4038 466 4100; x_wconf 90' lang='lat' dir='ltr'><strong>dem</strong></span> <span class='ocrx_word' id='word_1_382' title='bbox 492 4036 780 4099; x_wconf 87' lang='lat' dir='ltr'><strong>luctando</strong></span> <span class='ocrx_word' id='word_1_383' title='bbox 809 4036 1130 4118; x_wconf 84' lang='lat' dir='ltr'><strong>dejecisset</strong></span> <span class='ocrx_word' id='word_1_384' title='bbox 1157 4036 1446 4097; x_wconf 86' lang='lat' dir='ltr'><strong>Euathlos</strong></span> <span class='ocrx_word' id='word_1_385' title='bbox 1475 4036 1708 4109; x_wconf 88' lang='lat' dir='ltr'><strong>decem,</strong></span> <span class='ocrx_word' id='word_1_386' title='bbox 1732 4036 2049 4097; x_wconf 86' lang='lat' dir='ltr'><strong>clamando</strong></span> <span class='ocrx_word' id='word_1_387' title='bbox 2080 4047 2278 4101; x_wconf 82' lang='lat' dir='ltr'><strong>autem</strong></span> <span class='ocrx_word' id='word_1_388' title='bbox 2316 4049 2381 4100; x_wconf 89' lang='lat' dir='ltr'><strong>et</strong></span> <span class='ocrx_word' id='word_1_389' title='bbox 2424 4040 2657 4101; x_wconf 81' lang='lat' dir='ltr'><strong>vocife-</strong></span> 
     </span>
     <span class='ocr_line' id='line_1_42' title="bbox 321 4118 2649 4210; baseline 0.003 -20"><span class='ocrx_word' id='word_1_390' title='bbox 321 4131 516 4193; x_wconf 80' lang='lat' dir='ltr'><strong>rando</strong></span> <span class='ocrx_word' id='word_1_391' title='bbox 562 4140 908 4210; x_wconf 85' lang='lat' dir='ltr'><strong>superasset</strong></span> <span class='ocrx_word' id='word_1_392' title='bbox 947 4129 1384 4209; x_wconf 80' lang='lat' dir='ltr'><strong>sagittariorum</strong></span> <span class='ocrx_word' id='word_1_393' title='bbox 1431 4130 1545 4189; x_wconf 85' lang='lat' dir='ltr'><strong>tria</strong></span> <span class='ocrx_word' id='word_1_394' title='bbox 1592 4128 1801 4201; x_wconf 86' lang='lat' dir='ltr'><strong>millia,</strong></span> <span class='ocrx_word' id='word_1_395' title='bbox 1846 4118 1973 4189; x_wconf 81' lang='lat' dir='ltr'><strong>tum</strong></span> <span class='ocrx_word' id='word_1_396' title='bbox 2020 4132 2255 4210; x_wconf 82' lang='lat' dir='ltr'><strong>sagittis</strong></span> <span class='ocrx_word' id='word_1_397' title='bbox 2298 4134 2649 4197; x_wconf 83' lang='lat' dir='ltr'><strong>confixisset</strong></span> 
     </span>
     <span class='ocr_line' id='line_1_43' title="bbox 323 4220 2647 4303; baseline 0 -18"><span class='ocrx_word' id='word_1_398' title='bbox 323 4222 617 4303; x_wconf 82' lang='lat' dir='ltr'><strong>sagittarii</strong></span> <span class='ocrx_word' id='word_1_399' title='bbox 659 4223 848 4303; x_wconf 87' lang='lat' dir='ltr'><strong>ipsius</strong></span> <span class='ocrx_word' id='word_1_400' title='bbox 895 4232 1180 4303; x_wconf 83' lang='lat' dir='ltr'><strong>paternos</strong></span> <span class='ocrx_word' id='word_1_401' title='bbox 1229 4232 1545 4302; x_wconf 83' lang='lat' dir='ltr'><strong>cognatos.</strong></span> <span class='ocrx_word' id='word_1_402' title='bbox 1629 4220 1753 4281; x_wconf 91' lang='lat' dir='ltr'><strong>Sed</strong></span> <span class='ocrx_word' id='word_1_403' title='bbox 1798 4222 2437 4303; x_wconf 67' lang='lat' dir='ltr'><strong>quandoquidem‘nos</strong></span> <span class='ocrx_word' id='word_1_404' title='bbox 2466 4246 2647 4287; x_wconf 89' lang='lat' dir='ltr'><strong>senes</strong></span> 
     </span>
     <span class='ocr_line' id='line_1_44' title="bbox 325 4314 2647 4397; baseline 0.001 -22"><span class='ocrx_word' id='word_1_405' title='bbox 325 4334 602 4380; x_wconf 88' lang='lat' dir='ltr'><strong>somnum</strong></span> <span class='ocrx_word' id='word_1_406' title='bbox 633 4334 844 4397; x_wconf 86' lang='lat' dir='ltr'><strong>capere</strong></span> <span class='ocrx_word' id='word_1_407' title='bbox 872 4334 994 4375; x_wconf 91' lang='lat' dir='ltr'><strong>non</strong></span> <span class='ocrx_word' id='word_1_408' title='bbox 1025 4314 1240 4386; x_wconf 86' lang='lat' dir='ltr'><strong>sinitis,</strong></span> <span class='ocrx_word' id='word_1_409' title='bbox 1265 4314 1508 4375; x_wconf 84' lang='lat' dir='ltr'><strong>decreto</strong></span> <span class='ocrx_word' id='word_1_410' title='bbox 1554 4314 1795 4395; x_wconf 85' lang='lat' dir='ltr'><strong>publico</strong></span> <span class='ocrx_word' id='word_1_411' title='bbox 1824 4315 2063 4377; x_wconf 88' lang='lat' dir='ltr'><strong>sciscite</strong></span> <span class='ocrx_word' id='word_1_412' title='bbox 2092 4335 2403 4378; x_wconf 86' lang='lat' dir='ltr'><strong>causarum</strong></span> <span class='ocrx_word' id='word_1_413' title='bbox 2432 4317 2647 4397; x_wconf 76' lang='lat' dir='ltr'><strong>cogni-</strong></span> 
     </span>
     <span class='ocr_line' id='line_1_45' title="bbox 325 4406 2643 4493; baseline 0.004 -26"><span class='ocrx_word' id='word_1_414' title='bbox 325 4406 516 4473; x_wconf 84' lang='lat' dir='ltr'><strong>tiones</strong></span> <span class='ocrx_word' id='word_1_415' title='bbox 567 4426 838 4473; x_wconf 83' lang='lat' dir='ltr'><strong>seorsum</strong></span> <span class='ocrx_word' id='word_1_416' title='bbox 883 4406 1030 4479; x_wconf 80' lang='lat' dir='ltr'><strong>fieri,</strong></span> <span class='ocrx_word' id='word_1_417' title='bbox 1079 4418 1148 4467; x_wconf 89' lang='lat' dir='ltr'><strong>ut</strong></span> <span class='ocrx_word' id='word_1_418' title='bbox 1193 4406 1510 4469; x_wconf 80' lang='lat' dir='ltr'><strong>adversum</strong></span> <span class='ocrx_word' id='word_1_419' title='bbox 1561 4425 1766 4469; x_wconf 87' lang='lat' dir='ltr'><strong>senem</strong></span> <span class='ocrx_word' id='word_1_420' title='bbox 1810 4426 1994 4471; x_wconf 83' lang='lat' dir='ltr'><strong>senex</strong></span> <span class='ocrx_word' id='word_1_421' title='bbox 2034 4420 2165 4475; x_wconf 86' lang='lat' dir='ltr'><strong>oret</strong></span> <span class='ocrx_word' id='word_1_422' title='bbox 2202 4410 2643 4493; x_wconf 76' lang='lat' dir='ltr'><strong>edentulusquc</strong></span> 
     </span>
    </p>
   </div>
  </div>
 </body>
</html>
