3059 5059
360 345 718 426 596-657]
1315 341 1442 411 EQ
1465 341 1637 402 1111·
1660 343 1793 404 es,
2580 349 2655 412 31

355 471 516 532 enim
531 473 692 534 bella
709 469 876 533 socia
898 486 1083 551 opera
1099 482 1416 552 gesserunt
1437 469 2327 554 nobiscum,irrupuonibusque
2354 483 2419 535 et
2441 473 2665 554 preliis

353 561 700 626 interfuere.
743 561 865 626 Sed
891 585 1030 644 qum
1059 563 1118 624 in
1151 575 1304 624 terra
1325 563 1616 634 fecerunt,
1642 583 1715 624 ea
1745 583 1861 628 nou
1894 562 2047 626 adeo
2076 565 2373 640 miramur,
2392 578 2460 628 ut
2479 585 2664 648 quum

307 703 314 710 .
355 655 418 716 in
447 656 800 737 hippagines
828 655 1203 730 insiluerunt,
1231 655 1468 716 fortium
1499 658 1755 717 virorum
1781 675 1963 728 more,
1993 669 2055 718 et
2072 659 2419 720 coemerunt
2446 659 2665 740 pocula

359 748 660 822 militaria,
693 750 954 830 itemque
981 749 1122 810 allia
1151 761 1212 812 et
1239 767 1456 828 cepasz
1501 748 1721 826 deinde
1752 749 1971 812 sumtis,
1996 751 2194 824 remis,
2223 752 2309 811 uti
2338 770 2450 812 nos
2476 752 2664 814 homi·

358 862 493 916 nes,
540 844 952 906 incumbentes
995 841 1506 904 vociferabantur:
1549 843 1895 922 Hippapae!
1934 844 2069 922 quie
2110 843 2401 906 incumbet
2442 845 2664 904 remis?
2746 857 2749 866 ·

359 935 582 1017 Magis
625 935 1038 1016 capessendum
1077 954 1245 1014 opus.
1334 935 1499 1006 Quid
1523 934 1792 1014 jacimus
1806 935 1836 993 ?
1920 936 2133 996 Nonne
2178 956 2322 1016 ages
2362 957 2601 1009 remum,
2630 957 2664 997 ο

359 1027 737 1107 Sat-phora?
790 1027 1264 1106 Exsilieruntque
1294 1027 1354 1086 in
1384 1027 1775 1088 Corinthum:
1818 1025 2034 1088 deinde
2062 1027 2329 1107 juniores
2356 1028 2665 1090 fodiebant

358 1121 606 1200 ungulis
631 1121 870 1194 cubilia,
909 1132 972 1182 et
1012 1119 1279 1199 stragula
1307 1120 1627 1200 quaesitum
1650 1118 1841 1193 ibant,
1868 1120 2127 1184 edebant
2169 1131 2371 1182 autem
2410 1142 2663 1184 cancros

357 1232 470 1292 pro
497 1212 684 1274 herba
719 1212 984 1285 Medica,
1015 1213 1066 1274 si
1092 1213 1228 1293 quis
1256 1222 1594 1293 proreperet
1622 1212 1813 1280 foras:
1859 1213 2005 1293 quid
2032 1225 2093 1274 et
2133 1215 2191 1274 in
2220 1212 2519 1295 profundo
2556 1234 2663 1276 eos

357 1307 749 1367 venabantur.
821 1305 1078 1368 Proinde
1097 1305 1365 1366 Theorus
1395 1304 1544 1364 dixit
1571 1305 1659 1365 sic
1685 1302 1951 1366 locutum
1980 1324 2115 1366 esse
2140 1325 2422 1368 cancrum
2450 1305 2663 1376 Corin?

357 1397 587 1460 thium·
636 1398 963 1480 Indignum
988 1405 1095 1468 eet,
1123 1417 1157 1458 ο
1185 1397 1483 1476 Neptune,
1504 1399 1562 1457 si
1589 1417 1694 1458 nee
1716 1401 1783 1458 in
1820 1398 2129 1480 prqsundo
2170 1397 2399 1479 quidem
2430 1407 2663 1479 potero,

355 1509 462 1552 nee
487 1493 558 1552 in
583 1499 770 1563 terra,
798 1511 904 1552 nec
931 1493 996 1552 in
1025 1493 1176 1552 mari
1197 1489 1467 1571 (θὶς-ενι
1497 1491 2275 1570 Equites..
2670 1567 2677 1576 .

443 1583 662 1644 Cnoa.
707 1583 762 1644 Ο
793 1584 1095 1646 carissime
1118 1582 1424 1644 hominum
1443 1595 1508 1644 et
1524 1582 1952 1658 strenuissime,
1976 1593 2261 1662 quantam
2284 1541 2425 1647 mihi
2444 1585 2665 1648 absens

357 1677 679 1738 exhibuisti
705 1683 941 1738 curam!
1027 1675 1206 1738 Nunc
1226 1677 1426 1754 itaque
1455 1687 1773 1756 postquam
1797 1677 1998 1736 salvus
2022 1675 2271 1748 rediisti,
2292 1697 2465 1738 narra
2490 1678 2671 1750 nobis,

357 1769 664 1850 quomodo
703 1790 824 1830 rem
862 1771 1140 1848 gesseris.
1227 1769 1310 1830 Is.
1356 1768 1514 1836 Quid
1562 1767 1749 1839 aliud,
1777 1777 1957 1847 quam
1986 1769 2291 1830 victoriam
2335 1770 2393 1828 in
2436 1773 2665 1834 Senatu

359 1881 458 1922 me
487 1861 770 1941 adeptum
799 1861 1028 1922 fuisse?
1113 1862 1332 1922 Grion.
1380 1861 1434 1920 N
1441 1880 1558 1936 unc
1604 1879 1751 1940 ergo
1796 1879 1902 1940 par
1930 1869 2045 1933 est,
2070 1872 2139 1921 ut
2166 1881 2371 1922 omnes
2400 1863 2663 1926 faustum

208 2027 224 2034 -
355 1954 678 2016 clamorem
697 1953 934 2016 tollant.
1017 1955 1072 2014 Ο
1101 1954 1204 2034 qui
1231 1953 1520 2032 preclara
1548 1952 1721 2026 dicis,
1748 1954 1937 2015 multo
1966 1965 2163 2014 autem
2192 1955 2662 2034 praeclarioribus

355 2046 536 2108 factis
563 2047 728 2107 dicta
769 2065 1042 2126 superas,
1071 2047 1297 2108 utinam
1340 2046 1484 2107 mihi
1528 2063 1843 2126 recenseas
1886 2047 2481 2128 omnia.perapicue!
2518 2057 2661 2111 'nam

361 2161 482 2220 ego
509 2140 652 2201 mihi
683 2139 886 2200 videor
921 2141 1016 2202 vel
1057 2140 1301 2218 longam
1332 2139 1488 2200 viam
1534 2139 1937 2226 confecturus,
1966 2149 2035 2200 ut
2075 2139 2431 2202 auscultem.
2518 2141 2667 2202 Pro«

359 2233 526 2304 inde,
569 2234 658 2294 vir
699 2233 940 2313 optime,
987 2231 1085 2292 dic
1135 2229 1460 2294 audacter:
1505 2249 1641 2292 nam
1700 2239 1913 2292 omnes
1954 2232 2322 2310 gratulamur
2365 2233 2494 2294 tibi.
2579 2235 2662 2294 Is.

363 2326 662 2411 Equidem
697 2343 894 2406 operae
938 2325 1188 2405 pretium
1229 2334 1324 2384 est
1365 2323 1570 2384 audire
1618 2344 1713 2386 res
1764 2324 1934 2386 istas.
2018 2325 2173 2384 Nam
2202 2326 2401 2386 statim
2430 2346 2467 2388 a
2494 2339 2663 2408 tergo

361 2419 504 2480 hine
549 2439 686 2480 eum
735 2430 1026 2496 sequutus
1073 2435 1242 2478 sum:
1287 2416 1490 2476 atille
1538 2418 1697 2478 intus
1754 2427 2061 2480 tonantem
2110 2436 2389 2497 rumpens
2435 2428 2663 2493 vocem,

366 2513 616 2592 Equites
646 2509 956 2590 increpuit,
987 2519 1254 2574 monstra
1277 2523 1340 2569 et
1371 2521 1645 2588 portenta
1666 2510 1941 2591 loquens,
1958 2508 2329 2588 confragosis
2350 2511 2545 2573 verbis
2572 2512 2664 2572 in-

362 2623 637 2674 cessens,
660 2617 718 2664 et
747 2601 1088 2681 conjuratos
1118 2620 1472 2664 memorans.
1556 2603 1709 2672 Qum
1758 2623 1939 2683 quum
1986 2602 2189 2664 omnia
2219 2613 2509 2682 tanquam
2526 2625 2665 2667 vero

362 2696 665 2758 simillima
690 2696 950 2755 Senatus
983 2694 1332 2766 audivisset,
1363 2694 1687 2758 mendaciis
1716 2696 1847 2777 ejus.
1877 2707 1999 2774 tam
2040 2695 2215 2757 facile
2244 2697 2663 2776 oppletusest,

361 2807 540 2869 quam
571 2788 824 2870 atriplex
853 2788 1142 2861 nascitur,
1168 2799 1230 2849 et
1255 2789 1468 2850 acerbe
1499 2789 1855 2860 intuebatur,
1886 2790 2259 2866 frontemque
2285 2792 2663 2870 corrogabat.

367 2885 565 2962 Atque
591 2899 731 2960 ego,
760 2885 950 2960 qunm‘
983 2881 1108 2961 jam
1137 2875 1498 2958 cognossem
1541 2901 1677 2942 eum
1708 2880 1867 2942 illius
1899 2881 2078 2941 verba
2106 2879 2439 2959 admittere,
2468 2891 2531 2942 et
2556 2881 2690 2942 sah.

363 2975 534 3036 laciis
562 2973 848 3052 decipier,
874 2974 1083 3054 Agite,
1109 2973 1374 3054 inquam,
1407 2973 1527 3034 Dii
1550 2971 1841 3052 praesides
1870 2971 2275 3052 ignobilitatis
2300 2980 2355 3032 et
2378 2973 2663 3049 [randum

361 3073 422 3127 et
447 3067 736 3129 stultitia
755 3073 815 3126 et
841 3067 1141 3128 boninum
1169 3067 1472 3147 vqfrorum
1493 3071 1669 3146 atque
1683 3065 2048 3136 scurrilium,
2069 3073 2267 3144 tuque,
2298 3064 2569 3144 osorum,
2596 3071 2665 3130 in

363 3179 480 3240 quo
498 3179 657 3238 puer
681 3157 954 3223 eruditus
977 3177 1150 3227 sum,-
1190 3178 1351 3236 nunc
1375 3158 1526 3218 milti
1548 3157 1873 3230 audaciam,
1902 3177 2063 3218 nunc
2090 3157 2237 3218 milei
2270 3157 2538 3239 linguam
2566 3179 2666 3220 ex,
2752 3175 2763 3180 ’

355 3253 626 3332 peditans
645 3251 782 3313 date
821 3259 878 3311 et
920 3271 1108 3314 vocem
1147 3229 2147 3331 impudentem.1-1oec.meditanti
2196 3249 2333 3310 mihi
2374 3271 2411 3310 a
2454 3251 2665 3314 dextra
2768 3264 2775 3277 ·

363 3345 610 3426 pepedit
647 3329 915 3406 cinaedus
957 3344 1225 3423 quidam,
1267 3355 1328 3404 et
1369 3363 1494 3422 ego
1527 3341 1809 3410 adoravi·
1852 3342 2071 3404 deinde
2112 3341 2351 3423 podice.
2372 3341 2663 3422 impetens

365 3437 624 3501 discussi
667 3437 990 3508 cancellos,
1016 3445 1080 3497 et
1119 3455 1337 3515 magno
1369 3437 1488 3496 oris
1537 3436 1704 3496 hiatu
1746 3436 2112 3498 exclamavi.
2158 3437 2291 3496 Viri
2328 3435 2663 3510 Senatores,

345 3530 579 3608 sanium
605 3531 812 3592 bonam
842 3529 1192 3610 adportans,
1219 3528 1372 3590 bona
1407 3531 1760 3594 renunciare
1788 3529 1948 3590 vobis
1966 3531 2227 3608 primum
2252 3527 2383 3587 volo
2400 3547 2421 3586 .·
2460 3548 2529 3588 eae
2553 3548 2665 3610 quo

359 3625 520 3684 enim
547 3623 758 3686 bellum
783 3626 892 3687 hoc
909 3625 1170 3704 ingruit,
1193 3641 1493 3702 nunqnam
1513 3621 1637 3682 vidi
1654 3641 1839 3700 aptans
1859 3620 2118 3682 viliores.
2206 3620 2433 3708 Horum
2464 3630 2663 3682 autem

364 3715 570 3776 vultus
601 3717 800 3778 statim
831 3717 1024 3778 sereni
1054 3716 1194 3776 sacti
1224 3725 1402 3774 sunt:
1446 3712 1665 3774 deinde
1692 3733 1973 3774 coronam
2002 3713 2143 3774 mihi
2175 3713 2561 3796 decreverunt
2584 3718 2665 3776 ob

363 3811 628 3871 faustum
657 3811 952 3871 nuntium.
1037 3808 1112 3870 Et
1140 3826 1256 3886 ego
1277 3806 1535 3868 indicavi
1552 3807 1640 3868 eis
1670 3827 1791 3868 rem
1814 3818 2126 3877 secretam,
2152 3805 2469 3886 compendi
2484 3809 2664 3868 verba

367 3903 560 3963 multa
577 3902 825 3977 faciens,
854 3914 920 3962 ut
943 3919 1130 3982 apuas
1161 3909 1362 3962 emant
1390 3899 1609 3962 multas
1634 3919 1754 3960 uno
1781 3900 1981 3972 obolo,
2009 3891 2220 3961 trullas
2250 3916 2458 3958 omnes
2496 3899 2662 3960 conia

363 4008 596 4076 gerent,
623 4015 762 4074 quae
807 3993 970 4076 apud
1012 3993 1256 4074 opifices
1299 4001 1609 4072 prostant:
1652 3992 1739 4052 illi
1768 4011 1905 4054 vero
1949 3991 2321 4071 plauserunt,
2351 4001 2413 4050 et
2438 4010 2534 4050 me
2562 4010 2663 4052 ore

360 4087 568 4148 hiante
611 4095 983 4166 spectarunt.
1067 4086 1150 4146 At
1188 4085 1292 4158 ille
1331 4083 1837 4157 animadvertens,
1888 4083 2200 4164 Paphlago
2245 4083 2513 4161 inquam,
2542 4091 2663 4144 non'

365 4182 610 4260 ignarus
639 4178 976 4258 cujusmodi
1005 4178 1197 4240 verbis
1228 4178 1479 4238 maxime
1507 4177 1780 4259 capiatur
1796 4177 2076 4250 Senatus,
2096 4175 2457 4238 sententiam
2476 4175 2623 4235 dixit
2644 4195 2665 4234 ι

373 4272 580 4343 Osiri,
591 4275 728 4352 ,ian
755 4271 973 4343 censeo,
1003 4274 1146 4352 quia
1173 4291 1266 4332 ree
1297 4271 1460 4332 laetoe
1479 4272 1851 4332 renuntiate
1876 4277 2041 4340 sunt,
2070 4277 2141 4333 ut
2167 4269 2241 4330 ob
2269 4269 2479 4350 bonum
2506 4271 2663 4328 nun·-

364 4366 508 4426 timn
529 4365 911 4428 immolentur
937 4372 1166 4450 centum
1195 4365 1361 4425 boves
1395 4365 1707 4427 Minervae.
1796 4361 2027 4426 Rursus
2056 4361 2135 4424 ad
2166 4361 2329 4446 illum
2358 4361 2664 4442 inclinavit
