<?xml version="1.0" encoding="UTF-8"?>
<!DOCTYPE html PUBLIC "-//W3C//DTD XHTML 1.0 Transitional//EN"
    "http://www.w3.org/TR/xhtml1/DTD/xhtml1-transitional.dtd">
<html xmlns="http://www.w3.org/1999/xhtml" xml:lang="en" lang="en">
 <head>
  <title>
</title>
<meta http-equiv="Content-Type" content="text/html;charset=utf-8" />
  <meta name='ocr-system' content='tesseract 3.04.00' />
  <meta name='ocr-capabilities' content='ocr_page ocr_carea ocr_par ocr_line ocrx_word'/>
</head>
<body>
  <div class='ocr_page' id='page_1' title='image "./comdicumscholii00bekkgoog_0033.png"; bbox 0 0 3059 5059; ppageno 0'>
   <div class='ocr_carea' id='block_1_1' title="bbox 269 281 2712 396">
    <p class='ocr_par' dir='ltr' id='par_1_1' title="bbox 269 281 2712 396">
     <span class='ocr_line' id='line_1_1' title="bbox 269 281 2712 396; baseline -0 -16"><span class='ocrx_word' id='word_1_1' title='bbox 269 319 673 396; x_wconf 82' lang='lat'>965—1027]</span> <span class='ocrx_word' id='word_1_2' title='bbox 1032 281 1839 381; x_wconf 65' lang='lat' dir='ltr'><strong>AanRNmisES.</strong></span> <span class='ocrx_word' id='word_1_3' title='bbox 2068 383 2079 390; x_wconf 65' lang='grc'>,</span> <span class='ocrx_word' id='word_1_4' title='bbox 2510 322 2583 380; x_wconf 85' lang='lat'><strong>17</strong></span> <span class='ocrx_word' id='word_1_5' title='bbox 2700 389 2712 394; x_wconf 55' lang='grc'><strong>,</strong></span> 
     </span>
    </p>
   </div>
   <div class='ocr_carea' id='block_1_2' title="bbox 253 444 2583 4596">
    <p class='ocr_par' dir='ltr' id='par_1_2' title="bbox 253 444 2583 4596">
     <span class='ocr_line' id='line_1_2' title="bbox 265 444 2583 529; baseline 0.002 -23"><span class='ocrx_word' id='word_1_6' title='bbox 265 444 546 526; x_wconf 81' lang='lat' dir='ltr'><strong>clypeum</strong></span> <span class='ocrx_word' id='word_1_7' title='bbox 573 447 860 529; x_wconf 83' lang='lat' dir='ltr'>Gorgone</span> <span class='ocrx_word' id='word_1_8' title='bbox 889 448 1240 528; x_wconf 80' lang='lat' dir='ltr'><strong>insignitum</strong></span> <span class='ocrx_word' id='word_1_9' title='bbox 1269 451 1561 522; x_wconf 80' lang='lat' dir='ltr'><strong>concutit,</strong></span> <span class='ocrx_word' id='word_1_10' title='bbox 1588 459 1839 510; x_wconf 83' lang='lat' dir='ltr'><strong>motans.</strong></span> <span class='ocrx_word' id='word_1_11' title='bbox 1856 459 1977 509; x_wconf 89' lang='lat' dir='ltr'><strong>tres</strong></span> <span class='ocrx_word' id='word_1_12' title='bbox 2006 449 2317 512; x_wconf 85' lang='lat' dir='ltr'><strong>umbrosas</strong></span> <span class='ocrx_word' id='word_1_13' title='bbox 2346 447 2583 512; x_wconf 85' lang='lat' dir='ltr'><strong>cristas.</strong></span> 
     </span>
     <span class='ocr_line' id='line_1_3' title="bbox 265 537 2582 614; baseline 0.003 -16"><span class='ocrx_word' id='word_1_14' title='bbox 265 537 421 600; x_wconf 83' lang='lat' dir='ltr'><strong>Drc.</strong></span> <span class='ocrx_word' id='word_1_15' title='bbox 491 541 632 601; x_wconf 85' lang='lat' dir='ltr'><strong>Non</strong></span> <span class='ocrx_word' id='word_1_16' title='bbox 677 542 732 602; x_wconf 86' lang='lat' dir='ltr'><strong>ei</strong></span> <span class='ocrx_word' id='word_1_17' title='bbox 781 541 1076 602; x_wconf 78' lang='lat' dir='ltr'>mehercle</span> <span class='ocrx_word' id='word_1_18' title='bbox 1119 541 1458 614; x_wconf 84' lang='lat' dir='ltr'>venderem,</span> <span class='ocrx_word' id='word_1_19' title='bbox 1504 543 1737 602; x_wconf 86' lang='lat' dir='ltr'><strong>etiamsi</strong></span> <span class='ocrx_word' id='word_1_20' title='bbox 1790 541 1929 600; x_wconf 86' lang='lat' dir='ltr'><strong>mihi</strong></span> <span class='ocrx_word' id='word_1_21' title='bbox 1972 541 2145 602; x_wconf 90' lang='lat' dir='ltr'><strong>daret</strong></span> <span class='ocrx_word' id='word_1_22' title='bbox 2190 541 2357 603; x_wconf 84' lang='lat' dir='ltr'><strong>illum</strong></span> <span class='ocrx_word' id='word_1_23' title='bbox 2406 561 2582 604; x_wconf 90' lang='lat' dir='ltr'><strong>suum</strong></span> 
     </span>
     <span class='ocr_line' id='line_1_4' title="bbox 263 631 2583 716; baseline 0.002 -24"><span class='ocrx_word' id='word_1_24' title='bbox 263 631 580 716; x_wconf 81' lang='lat' dir='ltr'><strong>clypeum:</strong></span> <span class='ocrx_word' id='word_1_25' title='bbox 637 633 745 695; x_wconf 90' lang='lat' dir='ltr'><strong>sed</strong></span> <span class='ocrx_word' id='word_1_26' title='bbox 805 634 882 694; x_wconf 81' lang='lat' dir='ltr'><strong>atl</strong></span> <span class='ocrx_word' id='word_1_27' title='bbox 935 635 1298 696; x_wconf 86' lang='lat' dir='ltr'><strong>salsamenta</strong></span> <span class='ocrx_word' id='word_1_28' title='bbox 1341 636 1553 695; x_wconf 88' lang='lat' dir='ltr'><strong>cristas</strong></span> <span class='ocrx_word' id='word_1_29' title='bbox 1592 654 1733 696; x_wconf 88' lang='lat' dir='ltr'><strong>suas</strong></span> <span class='ocrx_word' id='word_1_30' title='bbox 1776 643 2011 694; x_wconf 88' lang='lat' dir='ltr'><strong>motans</strong></span> <span class='ocrx_word' id='word_1_31' title='bbox 2060 655 2127 694; x_wconf 88' lang='lat' dir='ltr'><strong>se</strong></span> <span class='ocrx_word' id='word_1_32' title='bbox 2169 636 2473 695; x_wconf 83' lang='lat' dir='ltr'><strong>conferat:</strong></span> <span class='ocrx_word' id='word_1_33' title='bbox 2532 637 2583 696; x_wconf 87' lang='lat' dir='ltr'><strong>si</strong></span> 
     </span>
     <span class='ocr_line' id='line_1_5' title="bbox 264 727 2583 806; baseline 0.002 -21"><span class='ocrx_word' id='word_1_34' title='bbox 264 733 468 787; x_wconf 81' lang='lat' dir='ltr'><strong>autem</strong></span> <span class='ocrx_word' id='word_1_35' title='bbox 499 727 976 799; x_wconf 77' lang='lat' dir='ltr'><strong>tumultuabitur,</strong></span> <span class='ocrx_word' id='word_1_36' title='bbox 1027 727 1440 806; x_wconf 83' lang='lat' dir='ltr'><strong>Agoranomos</strong></span> <span class='ocrx_word' id='word_1_37' title='bbox 1469 727 1798 788; x_wconf 80' lang='lat' dir='ltr'><strong>advocabo.</strong></span> <span class='ocrx_word' id='word_1_38' title='bbox 1904 727 2030 806; x_wconf 86' lang='lat' dir='ltr'><strong>Ego</strong></span> <span class='ocrx_word' id='word_1_39' title='bbox 2059 737 2255 788; x_wconf 85' lang='lat' dir='ltr'><strong>autem</strong></span> <span class='ocrx_word' id='word_1_40' title='bbox 2290 728 2583 789; x_wconf 85' lang='lat' dir='ltr'><strong>adsumtis</strong></span> 
     </span>
     <span class='ocr_line' id='line_1_6' title="bbox 261 814 2581 897; baseline 0.003 -23"><span class='ocrx_word' id='word_1_41' title='bbox 261 814 380 886; x_wconf 85' lang='lat' dir='ltr'><strong>bis,</strong></span> <span class='ocrx_word' id='word_1_42' title='bbox 421 838 560 897; x_wconf 83' lang='lat' dir='ltr'><strong>quse</strong></span> <span class='ocrx_word' id='word_1_43' title='bbox 588 819 726 892; x_wconf 86' lang='lat' dir='ltr'><strong>emi,</strong></span> <span class='ocrx_word' id='word_1_44' title='bbox 753 820 988 880; x_wconf 86' lang='lat' dir='ltr'><strong>intrabo</strong></span> <span class='ocrx_word' id='word_1_45' title='bbox 1032 819 1301 880; x_wconf 74' lang='lat' dir='ltr'><strong>sublatus</strong></span> <span class='ocrx_word' id='word_1_46' title='bbox 1327 820 1445 880; x_wconf 77' lang='lat' dir='ltr'><strong>alis</strong></span> <span class='ocrx_word' id='word_1_47' title='bbox 1471 819 1787 880; x_wconf 77' lang='lat' dir='ltr'><strong>turdorum</strong></span> <span class='ocrx_word' id='word_1_48' title='bbox 1816 826 1871 880; x_wconf 79' lang='lat' dir='ltr'><strong>el</strong></span> <span class='ocrx_word' id='word_1_49' title='bbox 1902 820 2277 880; x_wconf 75' lang='lat' dir='ltr'><strong>merularum.</strong></span> <span class='ocrx_word' id='word_1_50' title='bbox 2362 820 2581 882; x_wconf 74' lang='lat' dir='ltr'><strong>Onon.</strong></span> 
     </span>
     <span class='ocr_line' id='line_1_7' title="bbox 262 909 2583 992; baseline 0.003 -26"><span class='ocrx_word' id='word_1_51' title='bbox 262 909 544 984; x_wconf 74' lang='lat' dir='ltr'>Vidistis,</span> <span class='ocrx_word' id='word_1_52' title='bbox 574 911 826 983; x_wconf 84' lang='lat' dir='ltr'><strong>vidistis,</strong></span> <span class='ocrx_word' id='word_1_53' title='bbox 855 932 892 973; x_wconf 92' lang='lat' dir='ltr'><strong>o</strong></span> <span class='ocrx_word' id='word_1_54' title='bbox 923 912 1082 972; x_wconf 85' lang='lat' dir='ltr'><strong>cives</strong></span> <span class='ocrx_word' id='word_1_55' title='bbox 1112 931 1342 984; x_wconf 88' lang='lat' dir='ltr'><strong>omnes,</strong></span> <span class='ocrx_word' id='word_1_56' title='bbox 1371 913 1557 972; x_wconf 86' lang='lat' dir='ltr'><strong>virum</strong></span> <span class='ocrx_word' id='word_1_57' title='bbox 1587 912 1941 991; x_wconf 82' lang='lat' dir='ltr'>prudentem</span> <span class='ocrx_word' id='word_1_58' title='bbox 1972 924 2033 972; x_wconf 89' lang='lat' dir='ltr'><strong>et</strong></span> <span class='ocrx_word' id='word_1_59' title='bbox 2050 911 2583 992; x_wconf 85' lang='lat' dir='ltr'><strong>sapientissimum,</strong></span> 
     </span>
     <span class='ocr_line' id='line_1_8' title="bbox 265 1003 2579 1086; baseline 0.002 -24"><span class='ocrx_word' id='word_1_60' title='bbox 265 1011 334 1062; x_wconf 85' lang='lat' dir='ltr'><strong>ut</strong></span> <span class='ocrx_word' id='word_1_61' title='bbox 379 1003 436 1063; x_wconf 85' lang='lat' dir='ltr'><strong>ei</strong></span> <span class='ocrx_word' id='word_1_62' title='bbox 463 1023 644 1076; x_wconf 85' lang='lat' dir='ltr'><strong>nunc,</strong></span> <span class='ocrx_word' id='word_1_63' title='bbox 683 1017 1026 1085; x_wconf 77' lang='lat' dir='ltr'><strong>postquam.</strong></span> <span class='ocrx_word' id='word_1_64' title='bbox 1056 1003 1329 1064; x_wconf 88' lang='lat' dir='ltr'><strong>inducias</strong></span> <span class='ocrx_word' id='word_1_65' title='bbox 1359 1005 1605 1085; x_wconf 84' lang='lat' dir='ltr'>pepigit,</span> <span class='ocrx_word' id='word_1_66' title='bbox 1654 1005 1853 1066; x_wconf 87' lang='lat' dir='ltr'><strong>omnia</strong></span> <span class='ocrx_word' id='word_1_67' title='bbox 1898 1006 2167 1064; x_wconf 69' lang='lat' dir='ltr'><strong>coiimere</strong></span> <span class='ocrx_word' id='word_1_68' title='bbox 2216 1005 2415 1078; x_wconf 88' lang='lat' dir='ltr'><strong>liceat,</strong></span> <span class='ocrx_word' id='word_1_69' title='bbox 2442 1027 2579 1086; x_wconf 80' lang='lat' dir='ltr'><strong>quse</strong></span> 
     </span>
     <span class='ocr_line' id='line_1_9' title="bbox 265 1094 2580 1177; baseline 0.002 -21"><span class='ocrx_word' id='word_1_70' title='bbox 265 1094 467 1157; x_wconf 78' lang='lat' dir='ltr'><strong>solent</strong></span> <span class='ocrx_word' id='word_1_71' title='bbox 487 1117 526 1158; x_wconf 82' lang='lat' dir='ltr'><strong>a</strong></span> <span class='ocrx_word' id='word_1_72' title='bbox 549 1099 974 1160; x_wconf 82' lang='lat' dir='ltr'><strong>mercatoribus</strong></span> <span class='ocrx_word' id='word_1_73' title='bbox 987 1097 1226 1170; x_wconf 84' lang='lat' dir='ltr'><strong>advehi,</strong></span> <span class='ocrx_word' id='word_1_74' title='bbox 1248 1118 1497 1177; x_wconf 85' lang='lat' dir='ltr'><strong>quorum</strong></span> <span class='ocrx_word' id='word_1_75' title='bbox 1527 1099 1648 1159; x_wconf 87' lang='lat' dir='ltr'><strong>alia</strong></span> <span class='ocrx_word' id='word_1_76' title='bbox 1676 1097 1843 1160; x_wconf 84' lang='lat' dir='ltr'><strong>domi</strong></span> <span class='ocrx_word' id='word_1_77' title='bbox 1868 1109 2011 1158; x_wconf 86' lang='lat' dir='ltr'><strong>sunt</strong></span> <span class='ocrx_word' id='word_1_78' title='bbox 2032 1097 2222 1170; x_wconf 88' lang='lat' dir='ltr'><strong>utilia,</strong></span> <span class='ocrx_word' id='word_1_79' title='bbox 2246 1099 2365 1158; x_wconf 89' lang='lat' dir='ltr'><strong>alia</strong></span> <span class='ocrx_word' id='word_1_80' title='bbox 2380 1119 2580 1161; x_wconf 88' lang='lat' dir='ltr'><strong>come-</strong></span> 
     </span>
     <span class='ocr_line' id='line_1_10' title="bbox 265 1188 2579 1271; baseline 0.002 -22"><span class='ocrx_word' id='word_1_81' title='bbox 265 1188 506 1252; x_wconf 83' lang='lat' dir='ltr'><strong>dentem</strong></span> <span class='ocrx_word' id='word_1_82' title='bbox 529 1191 770 1270; x_wconf 84' lang='lat' dir='ltr'><strong>juvant,</strong></span> <span class='ocrx_word' id='word_1_83' title='bbox 797 1190 1002 1271; x_wconf 88' lang='lat' dir='ltr'><strong>tepida</strong></span> <span class='ocrx_word' id='word_1_84' title='bbox 1034 1211 1222 1252; x_wconf 81' lang='lat' dir='ltr'><strong>coenoe</strong></span> <span class='ocrx_word' id='word_1_85' title='bbox 1253 1190 1549 1271; x_wconf 86' lang='lat' dir='ltr'><strong>adposita.</strong></span> <span class='ocrx_word' id='word_1_86' title='bbox 1636 1190 1833 1250; x_wconf 88' lang='lat' dir='ltr'><strong>Simul</strong></span> <span class='ocrx_word' id='word_1_87' title='bbox 1862 1191 2037 1252; x_wconf 88' lang='lat' dir='ltr'><strong>etiam</strong></span> <span class='ocrx_word' id='word_1_88' title='bbox 2057 1210 2307 1271; x_wconf 84' lang='lat' dir='ltr'><strong>magnos</strong></span> <span class='ocrx_word' id='word_1_89' title='bbox 2338 1192 2579 1271; x_wconf 85' lang='lat' dir='ltr'><strong>spiritus</strong></span> 
     </span>
     <span class='ocr_line' id='line_1_11' title="bbox 265 1281 2581 1364; baseline 0.001 -22"><span class='ocrx_word' id='word_1_90' title='bbox 265 1283 468 1356; x_wconf 77' lang='lat' dir='ltr'><strong>sumit,</strong></span> <span class='ocrx_word' id='word_1_91' title='bbox 499 1282 730 1362; x_wconf 89' lang='lat' dir='ltr'><strong>hasque</strong></span> <span class='ocrx_word' id='word_1_92' title='bbox 761 1283 992 1363; x_wconf 88' lang='lat' dir='ltr'><strong>plumas</strong></span> <span class='ocrx_word' id='word_1_93' title='bbox 1021 1293 1161 1344; x_wconf 86' lang='lat' dir='ltr'><strong>ante</strong></span> <span class='ocrx_word' id='word_1_94' title='bbox 1191 1284 1407 1344; x_wconf 87' lang='lat' dir='ltr'><strong>ostium</strong></span> <span class='ocrx_word' id='word_1_95' title='bbox 1439 1281 2077 1363; x_wconf 84' lang='lat' dir='ltr'><strong>projicit,documento</strong></span> <span class='ocrx_word' id='word_1_96' title='bbox 2106 1283 2336 1345; x_wconf 82' lang='lat' dir='ltr'><strong>futuras</strong></span> <span class='ocrx_word' id='word_1_97' title='bbox 2350 1285 2581 1364; x_wconf 82' lang='lat' dir='ltr'><strong>opipari</strong></span> 
     </span>
     <span class='ocr_line' id='line_1_12' title="bbox 265 1375 2577 1457; baseline 0.002 -24"><span class='ocrx_word' id='word_1_98' title='bbox 265 1375 498 1434; x_wconf 82' lang='lat' dir='ltr'><strong>victus:</strong></span> <span class='ocrx_word' id='word_1_99' title='bbox 544 1377 703 1435; x_wconf 90' lang='lat' dir='ltr'><strong>bona</strong></span> <span class='ocrx_word' id='word_1_100' title='bbox 721 1375 862 1436; x_wconf 84' lang='lat' dir='ltr'><strong>huic</strong></span> <span class='ocrx_word' id='word_1_101' title='bbox 891 1388 1106 1457; x_wconf 88' lang='lat' dir='ltr'><strong>sponte</strong></span> <span class='ocrx_word' id='word_1_102' title='bbox 1135 1387 1541 1457; x_wconf 83' lang='lat' dir='ltr'><strong>suggeruntur</strong></span> <span class='ocrx_word' id='word_1_103' title='bbox 1566 1375 1787 1436; x_wconf 88' lang='lat' dir='ltr'><strong>omnia.</strong></span> <span class='ocrx_word' id='word_1_104' title='bbox 1842 1375 2097 1436; x_wconf 88' lang='lat' dir='ltr'><strong>Martem</strong></span> <span class='ocrx_word' id='word_1_105' title='bbox 2128 1395 2243 1456; x_wconf 82' lang='lat' dir='ltr'><strong>ego</strong></span> <span class='ocrx_word' id='word_1_106' title='bbox 2272 1395 2577 1456; x_wconf 83' lang='lat' dir='ltr'><strong>nunquam</strong></span> 
     </span>
     <span class='ocr_line' id='line_1_13' title="bbox 263 1466 2578 1549; baseline 0.002 -23"><span class='ocrx_word' id='word_1_107' title='bbox 263 1467 555 1547; x_wconf 77' lang='lat' dir='ltr'><strong>excipiam</strong></span> <span class='ocrx_word' id='word_1_108' title='bbox 582 1466 784 1541; x_wconf 89' lang='lat' dir='ltr'><strong>domo,</strong></span> <span class='ocrx_word' id='word_1_109' title='bbox 815 1489 1006 1549; x_wconf 89' lang='lat' dir='ltr'><strong>neque</strong></span> <span class='ocrx_word' id='word_1_110' title='bbox 1035 1468 1196 1548; x_wconf 88' lang='lat' dir='ltr'><strong>apud</strong></span> <span class='ocrx_word' id='word_1_111' title='bbox 1225 1489 1320 1530; x_wconf 90' lang='lat' dir='ltr'><strong>me</strong></span> <span class='ocrx_word' id='word_1_112' title='bbox 1348 1488 1613 1547; x_wconf 87' lang='lat' dir='ltr'><strong>unquam</strong></span> <span class='ocrx_word' id='word_1_113' title='bbox 1646 1467 2035 1528; x_wconf 84' lang='lat' dir='ltr'><strong>Harmodium</strong></span> <span class='ocrx_word' id='word_1_114' title='bbox 2054 1469 2320 1530; x_wconf 81' lang='lat' dir='ltr'><strong>cantabit</strong></span> <span class='ocrx_word' id='word_1_115' title='bbox 2344 1490 2578 1531; x_wconf 88' lang='lat' dir='ltr'><strong>mecum</strong></span> 
     </span>
     <span class='ocr_line' id='line_1_14' title="bbox 265 1559 2577 1642; baseline 0 -20"><span class='ocrx_word' id='word_1_116' title='bbox 265 1563 651 1634; x_wconf 82' lang='lat' dir='ltr'><strong>accumbens,</strong></span> <span class='ocrx_word' id='word_1_117' title='bbox 676 1563 820 1642; x_wconf 90' lang='lat' dir='ltr'><strong>quia</strong></span> <span class='ocrx_word' id='word_1_118' title='bbox 869 1561 1206 1622; x_wconf 80' lang='lat' dir='ltr'><strong>vinolentus</strong></span> <span class='ocrx_word' id='word_1_119' title='bbox 1236 1571 1300 1621; x_wconf 92' lang='lat' dir='ltr'><strong>et</strong></span> <span class='ocrx_word' id='word_1_120' title='bbox 1325 1559 1794 1622; x_wconf 84' lang='lat' dir='ltr'><strong>contumeliosus</strong></span> <span class='ocrx_word' id='word_1_121' title='bbox 1822 1559 2003 1620; x_wconf 84' lang='lat' dir='ltr'><strong>bomo</strong></span> <span class='ocrx_word' id='word_1_122' title='bbox 2048 1573 2162 1633; x_wconf 88' lang='lat' dir='ltr'><strong>est,</strong></span> <span class='ocrx_word' id='word_1_123' title='bbox 2210 1563 2311 1642; x_wconf 89' lang='lat' dir='ltr'><strong>qui</strong></span> <span class='ocrx_word' id='word_1_124' title='bbox 2358 1564 2435 1623; x_wconf 90' lang='lat' dir='ltr'><strong>ad</strong></span> <span class='ocrx_word' id='word_1_125' title='bbox 2464 1583 2577 1624; x_wconf 88' lang='lat' dir='ltr'><strong>nos</strong></span> 
     </span>
     <span class='ocr_line' id='line_1_15' title="bbox 267 1652 2577 1726; baseline 0.001 -12"><span class='ocrx_word' id='word_1_126' title='bbox 267 1656 542 1716; x_wconf 86' lang='lat' dir='ltr'><strong>omnibus</strong></span> <span class='ocrx_word' id='word_1_127' title='bbox 589 1654 966 1715; x_wconf 79' lang='lat' dir='ltr'><strong>abundantes</strong></span> <span class='ocrx_word' id='word_1_128' title='bbox 1016 1655 1190 1715; x_wconf 89' lang='lat' dir='ltr'><strong>bonis</strong></span> <span class='ocrx_word' id='word_1_129' title='bbox 1250 1652 1753 1715; x_wconf 75' lang='lat' dir='ltr'><strong>comissabundus</strong></span> <span class='ocrx_word' id='word_1_130' title='bbox 1805 1652 2059 1726; x_wconf 85' lang='lat' dir='ltr'><strong>irruens,</strong></span> <span class='ocrx_word' id='word_1_131' title='bbox 2133 1654 2333 1714; x_wconf 86' lang='lat' dir='ltr'><strong>omnia</strong></span> <span class='ocrx_word' id='word_1_132' title='bbox 2406 1657 2577 1716; x_wconf 85' lang='lat' dir='ltr'><strong>nobis</strong></span> 
     </span>
     <span class='ocr_line' id='line_1_16' title="bbox 263 1745 2577 1827; baseline 0 -20"><span class='ocrx_word' id='word_1_133' title='bbox 263 1749 466 1809; x_wconf 86' lang='lat' dir='ltr'><strong>intulit</strong></span> <span class='ocrx_word' id='word_1_134' title='bbox 491 1747 672 1820; x_wconf 86' lang='lat' dir='ltr'><strong>mala,</strong></span> <span class='ocrx_word' id='word_1_135' title='bbox 699 1757 999 1819; x_wconf 85' lang='lat' dir='ltr'><strong>evertens,</strong></span> <span class='ocrx_word' id='word_1_136' title='bbox 1031 1745 1370 1818; x_wconf 85' lang='lat' dir='ltr'><strong>effundens,</strong></span> <span class='ocrx_word' id='word_1_137' title='bbox 1399 1756 1459 1806; x_wconf 88' lang='lat' dir='ltr'><strong>et</strong></span> <span class='ocrx_word' id='word_1_138' title='bbox 1487 1745 1731 1806; x_wconf 80' lang='lat' dir='ltr'><strong>caedens</strong></span> <span class='ocrx_word' id='word_1_139' title='bbox 1768 1745 1970 1817; x_wconf 89' lang='lat' dir='ltr'><strong>etiam,</strong></span> <span class='ocrx_word' id='word_1_140' title='bbox 1998 1748 2233 1806; x_wconf 77' lang='lat' dir='ltr'><strong>tametsi</strong></span> <span class='ocrx_word' id='word_1_141' title='bbox 2257 1766 2391 1806; x_wconf 89' lang='lat' dir='ltr'><strong>eum</strong></span> <span class='ocrx_word' id='word_1_142' title='bbox 2414 1765 2577 1827; x_wconf 76' lang='lat' dir='ltr'><strong>saepe</strong></span> 
     </span>
     <span class='ocr_line' id='line_1_17' title="bbox 261 1839 2576 1922; baseline 0.001 -22"><span class='ocrx_word' id='word_1_143' title='bbox 261 1841 662 1902; x_wconf 84' lang='lat' dir='ltr'><strong>invitabamus</strong></span> <span class='ocrx_word' id='word_1_144' title='bbox 687 1842 938 1903; x_wconf 89' lang='lat' dir='ltr'><strong>comiter</strong></span> <span class='ocrx_word' id='word_1_145' title='bbox 963 1840 1083 1922; x_wconf 23' lang='lat' dir='ltr'><strong>*his</strong></span> <span class='ocrx_word' id='word_1_146' title='bbox 1131 1839 1362 1901; x_wconf 87' lang='lat' dir='ltr'><strong>verbis:</strong></span> <span class='ocrx_word' id='word_1_147' title='bbox 1407 1839 1585 1910; x_wconf 69' lang='lat' dir='ltr'><strong>Bibe,</strong></span> <span class='ocrx_word' id='word_1_148' title='bbox 1624 1839 1911 1906; x_wconf 79' lang='lat' dir='ltr'><strong>accumbe.</strong></span> <span class='ocrx_word' id='word_1_149' title='bbox 1958 1857 2098 1919; x_wconf 78' lang='lat' dir='ltr'><strong>cape</strong></span> <span class='ocrx_word' id='word_1_150' title='bbox 2140 1839 2251 1900; x_wconf 77' lang='grc' dir='ltr'><strong><em>Ιιοσ</em></strong></span> <span class='ocrx_word' id='word_1_151' title='bbox 2292 1843 2576 1902; x_wconf 73' lang='lat' dir='ltr'><strong>amicitiae</strong></span> 
     </span>
     <span class='ocr_line' id='line_1_18' title="bbox 253 1931 2574 2013; baseline 0.001 -19"><span class='ocrx_word' id='word_1_152' title='bbox 253 1934 560 2012; x_wconf 71' lang='lat' dir='ltr'><strong>poculum.</strong></span> <span class='ocrx_word' id='word_1_153' title='bbox 643 1936 726 1994; x_wconf 85' lang='lat' dir='ltr'><strong>At</strong></span> <span class='ocrx_word' id='word_1_154' title='bbox 751 1935 852 1995; x_wconf 90' lang='lat' dir='ltr'><strong>ille</strong></span> <span class='ocrx_word' id='word_1_155' title='bbox 880 1933 1068 1995; x_wconf 89' lang='lat' dir='ltr'><strong>multo</strong></span> <span class='ocrx_word' id='word_1_156' title='bbox 1097 1933 1290 2013; x_wconf 83' lang='lat' dir='ltr'><strong>magis</strong></span> <span class='ocrx_word' id='word_1_157' title='bbox 1319 1933 1617 1992; x_wconf 86' lang='lat' dir='ltr'><strong>flammam</strong></span> <span class='ocrx_word' id='word_1_158' title='bbox 1658 1931 2019 1992; x_wconf 84' lang='lat' dir='ltr'><strong>admovebat</strong></span> <span class='ocrx_word' id='word_1_159' title='bbox 2059 1932 2275 2005; x_wconf 85' lang='lat' dir='ltr'><strong>ridicis,</strong></span> <span class='ocrx_word' id='word_1_160' title='bbox 2304 1933 2574 1996; x_wconf 78' lang='lat' dir='ltr'><strong>effunde-</strong></span> 
     </span>
     <span class='ocr_line' id='line_1_19' title="bbox 258 2023 2573 2106; baseline 0.001 -20"><span class='ocrx_word' id='word_1_161' title='bbox 258 2027 484 2106; x_wconf 86' lang='lat' dir='ltr'><strong>batque</strong></span> <span class='ocrx_word' id='word_1_162' title='bbox 514 2037 782 2087; x_wconf 86' lang='lat' dir='ltr'><strong>nostrum</strong></span> <span class='ocrx_word' id='word_1_163' title='bbox 810 2029 1010 2087; x_wconf 84' lang='lat' dir='ltr'><strong>vinum</strong></span> <span class='ocrx_word' id='word_1_164' title='bbox 1040 2026 1329 2087; x_wconf 90' lang='lat' dir='ltr'><strong>violenter</strong></span> <span class='ocrx_word' id='word_1_165' title='bbox 1361 2045 1394 2085; x_wconf 93' lang='lat' dir='ltr'><strong>e</strong></span> <span class='ocrx_word' id='word_1_166' title='bbox 1423 2023 1662 2084; x_wconf 81' lang='lat' dir='ltr'><strong>vitibus.</strong></span> <span class='ocrx_word' id='word_1_167' title='bbox 1722 2023 1875 2084; x_wconf 75' lang='lat' dir='ltr'><strong>Dte.</strong></span> <span class='ocrx_word' id='word_1_168' title='bbox 1920 2025 1975 2084; x_wconf 92' lang='grc' dir='ltr'><strong>Ο</strong></span> <span class='ocrx_word' id='word_1_169' title='bbox 2004 2025 2251 2086; x_wconf 86' lang='lat' dir='ltr'><strong>Veneris</strong></span> <span class='ocrx_word' id='word_1_170' title='bbox 2282 2037 2573 2102; x_wconf 74' lang='lat' dir='ltr'><strong>venustae,</strong></span> 
     </span>
     <span class='ocr_line' id='line_1_20' title="bbox 261 2117 2577 2198; baseline 0.002 -21"><span class='ocrx_word' id='word_1_171' title='bbox 261 2129 324 2180; x_wconf 90' lang='lat' dir='ltr'><strong>et</strong></span> <span class='ocrx_word' id='word_1_172' title='bbox 350 2119 675 2180; x_wconf 86' lang='lat' dir='ltr'><strong>amicarum</strong></span> <span class='ocrx_word' id='word_1_173' title='bbox 721 2119 1062 2186; x_wconf 74' lang='lat' dir='ltr'><strong>Gratiarum</strong></span> <span class='ocrx_word' id='word_1_174' title='bbox 1110 2118 1276 2180; x_wconf 86' lang='lat' dir='ltr'><strong>socia</strong></span> <span class='ocrx_word' id='word_1_175' title='bbox 1303 2117 1456 2190; x_wconf 84' lang='lat' dir='ltr'><strong>Pax,</strong></span> <span class='ocrx_word' id='word_1_176' title='bbox 1498 2137 1669 2179; x_wconf 88' lang='lat' dir='ltr'><strong>mene</strong></span> <span class='ocrx_word' id='word_1_177' title='bbox 1716 2117 2051 2196; x_wconf 84' lang='lat' dir='ltr'><strong>ignorasse,</strong></span> <span class='ocrx_word' id='word_1_178' title='bbox 2098 2137 2277 2196; x_wconf 87' lang='lat' dir='ltr'><strong>quam</strong></span> <span class='ocrx_word' id='word_1_179' title='bbox 2326 2119 2577 2198; x_wconf 86' lang='lat' dir='ltr'><strong>pulchra</strong></span> 
     </span>
     <span class='ocr_line' id='line_1_21' title="bbox 260 2207 2573 2289; baseline 0.001 -19"><span class='ocrx_word' id='word_1_180' title='bbox 260 2229 430 2272; x_wconf 78' lang='lat' dir='ltr'><strong>esses</strong></span> <span class='ocrx_word' id='word_1_181' title='bbox 459 2212 654 2274; x_wconf 75' lang='lat' dir='ltr'><strong>facie?</strong></span> <span class='ocrx_word' id='word_1_182' title='bbox 698 2211 938 2274; x_wconf 88' lang='lat' dir='ltr'><strong>Utinam</strong></span> <span class='ocrx_word' id='word_1_183' title='bbox 969 2231 1063 2272; x_wconf 86' lang='lat' dir='ltr'><strong>rue</strong></span> <span class='ocrx_word' id='word_1_184' title='bbox 1093 2221 1156 2272; x_wconf 88' lang='lat' dir='ltr'><strong>et</strong></span> <span class='ocrx_word' id='word_1_185' title='bbox 1185 2221 1244 2274; x_wconf 84' lang='lat' dir='ltr'><strong>te</strong></span> <span class='ocrx_word' id='word_1_186' title='bbox 1287 2209 1530 2289; x_wconf 90' lang='lat' dir='ltr'><strong>copulet</strong></span> <span class='ocrx_word' id='word_1_187' title='bbox 1574 2211 1759 2270; x_wconf 86' lang='lat' dir='ltr'><strong>Amor</strong></span> <span class='ocrx_word' id='word_1_188' title='bbox 1788 2207 2027 2289; x_wconf 84' lang='lat' dir='ltr'><strong>aliquis,</strong></span> <span class='ocrx_word' id='word_1_189' title='bbox 2055 2221 2372 2272; x_wconf 87' lang='lat' dir='ltr'><strong>coronatus</strong></span> <span class='ocrx_word' id='word_1_190' title='bbox 2400 2214 2573 2287; x_wconf 87' lang='lat' dir='ltr'><strong>rosis,</strong></span> 
     </span>
     <span class='ocr_line' id='line_1_22' title="bbox 261 2300 2573 2385; baseline 0.002 -23"><span class='ocrx_word' id='word_1_191' title='bbox 261 2312 332 2363; x_wconf 86' lang='lat' dir='ltr'><strong>ut</strong></span> <span class='ocrx_word' id='word_1_192' title='bbox 357 2303 472 2364; x_wconf 87' lang='lat' dir='ltr'><strong>iste</strong></span> <span class='ocrx_word' id='word_1_193' title='bbox 499 2305 734 2383; x_wconf 84' lang='lat' dir='ltr'><strong>pictus!</strong></span> <span class='ocrx_word' id='word_1_194' title='bbox 777 2315 882 2366; x_wconf 89' lang='lat' dir='ltr'><strong>aut</strong></span> <span class='ocrx_word' id='word_1_195' title='bbox 930 2306 1080 2365; x_wconf 78' lang='lat' dir='ltr'><strong>sorte</strong></span> <span class='ocrx_word' id='word_1_196' title='bbox 1107 2315 1290 2385; x_wconf 89' lang='lat' dir='ltr'><strong>putas</strong></span> <span class='ocrx_word' id='word_1_197' title='bbox 1319 2323 1414 2363; x_wconf 88' lang='lat' dir='ltr'><strong>me</strong></span> <span class='ocrx_word' id='word_1_198' title='bbox 1459 2301 1635 2378; x_wconf 82' lang='lat' dir='ltr'><strong>nimis</strong></span> <span class='ocrx_word' id='word_1_199' title='bbox 1680 2320 1815 2362; x_wconf 85' lang='lat' dir='ltr'><strong>esse</strong></span> <span class='ocrx_word' id='word_1_200' title='bbox 1846 2300 2093 2362; x_wconf 75' lang='lat' dir='ltr'><strong>senem?</strong></span> <span class='ocrx_word' id='word_1_201' title='bbox 2135 2302 2243 2364; x_wconf 89' lang='lat' dir='ltr'><strong>sed</strong></span> <span class='ocrx_word' id='word_1_202' title='bbox 2272 2305 2323 2364; x_wconf 81' lang='lat' dir='ltr'><strong>si</strong></span> <span class='ocrx_word' id='word_1_203' title='bbox 2352 2316 2411 2365; x_wconf 91' lang='lat' dir='ltr'><strong>te</strong></span> <span class='ocrx_word' id='word_1_204' title='bbox 2438 2324 2573 2385; x_wconf 85' lang='lat' dir='ltr'><strong>pre-</strong></span> 
     </span>
     <span class='ocr_line' id='line_1_23' title="bbox 259 2394 2572 2478; baseline 0.002 -23"><span class='ocrx_word' id='word_1_205' title='bbox 259 2395 546 2470; x_wconf 85' lang='lat' dir='ltr'><strong>hendam,</strong></span> <span class='ocrx_word' id='word_1_206' title='bbox 574 2397 778 2458; x_wconf 88' lang='lat' dir='ltr'><strong>videor</strong></span> <span class='ocrx_word' id='word_1_207' title='bbox 805 2397 946 2458; x_wconf 89' lang='lat' dir='ltr'><strong>mihi</strong></span> <span class='ocrx_word' id='word_1_208' title='bbox 976 2397 1174 2459; x_wconf 87' lang='lat' dir='ltr'><strong>adhuc</strong></span> <span class='ocrx_word' id='word_1_209' title='bbox 1221 2396 1336 2456; x_wconf 88' lang='lat' dir='ltr'><strong>tria</strong></span> <span class='ocrx_word' id='word_1_210' title='bbox 1385 2395 1490 2456; x_wconf 86' lang='lat' dir='ltr'><strong>tibi</strong></span> <span class='ocrx_word' id='word_1_211' title='bbox 1542 2394 1945 2476; x_wconf 86' lang='lat' dir='ltr'><strong>applicaturus</strong></span> <span class='ocrx_word' id='word_1_212' title='bbox 1990 2396 2339 2457; x_wconf 86' lang='lat' dir='ltr'><strong>commoda:</strong></span> <span class='ocrx_word' id='word_1_213' title='bbox 2382 2399 2572 2478; x_wconf 90' lang='lat' dir='ltr'><strong>primo</strong></span> 
     </span>
     <span class='ocr_line' id='line_1_24' title="bbox 259 2486 2575 2571; baseline 0.003 -24"><span class='ocrx_word' id='word_1_214' title='bbox 259 2487 508 2566; x_wconf 89' lang='lat' dir='ltr'><strong>quidem</strong></span> <span class='ocrx_word' id='word_1_215' title='bbox 535 2489 746 2551; x_wconf 87' lang='lat' dir='ltr'><strong>ducam</strong></span> <span class='ocrx_word' id='word_1_216' title='bbox 775 2490 1032 2551; x_wconf 68' lang='lat' dir='ltr'><strong>viticulae</strong></span> <span class='ocrx_word' id='word_1_217' title='bbox 1083 2490 1328 2571; x_wconf 81' lang='lat' dir='ltr'><strong>longum</strong></span> <span class='ocrx_word' id='word_1_218' title='bbox 1369 2487 1643 2556; x_wconf 73' lang='lat' dir='ltr'><strong>sulcum:</strong></span> <span class='ocrx_word' id='word_1_219' title='bbox 1688 2486 1906 2548; x_wconf 84' lang='lat' dir='ltr'><strong>deinde</strong></span> <span class='ocrx_word' id='word_1_220' title='bbox 1946 2487 2123 2567; x_wconf 82' lang='lat' dir='ltr'><strong>juxta</strong></span> <span class='ocrx_word' id='word_1_221' title='bbox 2165 2487 2327 2552; x_wconf 90' lang='lat' dir='ltr'><strong>hunc</strong></span> <span class='ocrx_word' id='word_1_222' title='bbox 2368 2503 2575 2555; x_wconf 87' lang='lat' dir='ltr'><strong>tenera</strong></span> 
     </span>
     <span class='ocr_line' id='line_1_25' title="bbox 259 2579 2571 2662; baseline 0.002 -22"><span class='ocrx_word' id='word_1_223' title='bbox 259 2581 532 2658; x_wconf 87' lang='lat' dir='ltr'><strong>germina</strong></span> <span class='ocrx_word' id='word_1_224' title='bbox 557 2582 798 2653; x_wconf 85' lang='lat' dir='ltr'><strong>ficuum,</strong></span> <span class='ocrx_word' id='word_1_225' title='bbox 821 2595 879 2644; x_wconf 88' lang='lat' dir='ltr'><strong>et</strong></span> <span class='ocrx_word' id='word_1_226' title='bbox 913 2583 1084 2644; x_wconf 87' lang='lat' dir='ltr'><strong>tertio</strong></span> <span class='ocrx_word' id='word_1_227' title='bbox 1113 2583 1249 2644; x_wconf 90' lang='lat' dir='ltr'><strong>loco</strong></span> <span class='ocrx_word' id='word_1_228' title='bbox 1277 2581 1414 2644; x_wconf 87' lang='lat' dir='ltr'><strong>vitis</strong></span> <span class='ocrx_word' id='word_1_229' title='bbox 1443 2579 1750 2662; x_wconf 86' lang='lat' dir='ltr'><strong>palmitem</strong></span> <span class='ocrx_word' id='word_1_230' title='bbox 1778 2580 2065 2661; x_wconf 88' lang='lat' dir='ltr'><strong>plantabo</strong></span> <span class='ocrx_word' id='word_1_231' title='bbox 2093 2581 2195 2642; x_wconf 91' lang='lat' dir='ltr'><strong>ille</strong></span> <span class='ocrx_word' id='word_1_232' title='bbox 2223 2603 2337 2662; x_wconf 87' lang='lat' dir='ltr'><strong>ego</strong></span> <span class='ocrx_word' id='word_1_233' title='bbox 2366 2603 2571 2658; x_wconf 82' lang='lat' dir='ltr'><strong>senex,</strong></span> 
     </span>
     <span class='ocr_line' id='line_1_26' title="bbox 259 2674 2569 2755; baseline 0.003 -23"><span class='ocrx_word' id='word_1_234' title='bbox 259 2683 324 2732; x_wconf 88' lang='lat' dir='ltr'><strong>et</strong></span> <span class='ocrx_word' id='word_1_235' title='bbox 347 2674 512 2734; x_wconf 89' lang='lat' dir='ltr'><strong>circa</strong></span> <span class='ocrx_word' id='word_1_236' title='bbox 558 2674 848 2752; x_wconf 79' lang='lat' dir='ltr'><strong>praedium</strong></span> <span class='ocrx_word' id='word_1_237' title='bbox 879 2695 1056 2736; x_wconf 88' lang='lat' dir='ltr'><strong>omne</strong></span> <span class='ocrx_word' id='word_1_238' title='bbox 1086 2695 1280 2737; x_wconf 87' lang='lat' dir='ltr'><strong>seram</strong></span> <span class='ocrx_word' id='word_1_239' title='bbox 1309 2675 1498 2748; x_wconf 84' lang='lat' dir='ltr'><strong>oleas,</strong></span> <span class='ocrx_word' id='word_1_240' title='bbox 1542 2683 1613 2735; x_wconf 90' lang='lat' dir='ltr'><strong>ut</strong></span> <span class='ocrx_word' id='word_1_241' title='bbox 1654 2674 1831 2734; x_wconf 87' lang='lat' dir='ltr'><strong>ambo</strong></span> <span class='ocrx_word' id='word_1_242' title='bbox 1880 2693 2175 2755; x_wconf 82' lang='lat' dir='ltr'><strong>ungamur</strong></span> <span class='ocrx_word' id='word_1_243' title='bbox 2218 2675 2351 2736; x_wconf 91' lang='lat' dir='ltr'><strong>oleo</strong></span> <span class='ocrx_word' id='word_1_244' title='bbox 2398 2678 2569 2740; x_wconf 82' lang='lat' dir='ltr'><strong>festis</strong></span> 
     </span>
     <span class='ocr_line' id='line_1_27' title="bbox 259 2764 2569 2848; baseline 0.003 -24"><span class='ocrx_word' id='word_1_245' title='bbox 259 2764 604 2828; x_wconf 88' lang='lat' dir='ltr'><strong>noviluniis.</strong></span> <span class='ocrx_word' id='word_1_246' title='bbox 689 2767 908 2828; x_wconf 62' lang='lat' dir='ltr'><strong>Pane.</strong></span> <span class='ocrx_word' id='word_1_247' title='bbox 947 2768 1174 2829; x_wconf 83' lang='lat' dir='ltr'><strong>Audite</strong></span> <span class='ocrx_word' id='word_1_248' title='bbox 1223 2768 1455 2848; x_wconf 88' lang='lat' dir='ltr'><strong>populi.</strong></span> <span class='ocrx_word' id='word_1_249' title='bbox 1540 2767 1711 2828; x_wconf 88' lang='lat' dir='ltr'><strong>More</strong></span> <span class='ocrx_word' id='word_1_250' title='bbox 1759 2767 1951 2848; x_wconf 89' lang='lat' dir='ltr'><strong>patrio</strong></span> <span class='ocrx_word' id='word_1_251' title='bbox 1996 2767 2225 2846; x_wconf 85' lang='lat' dir='ltr'><strong>congiis</strong></span> <span class='ocrx_word' id='word_1_252' title='bbox 2255 2779 2461 2847; x_wconf 86' lang='lat' dir='ltr'><strong>potate</strong></span> <span class='ocrx_word' id='word_1_253' title='bbox 2488 2770 2569 2830; x_wconf 89' lang='lat' dir='ltr'><strong>ad</strong></span> 
     </span>
     <span class='ocr_line' id='line_1_28' title="bbox 261 2858 2570 2942; baseline 0.001 -23"><span class='ocrx_word' id='word_1_254' title='bbox 261 2859 424 2920; x_wconf 77' lang='lat' dir='ltr'><strong>tubae</strong></span> <span class='ocrx_word' id='word_1_255' title='bbox 452 2859 838 2940; x_wconf 83' lang='lat' dir='ltr'><strong>clangorem:</strong></span> <span class='ocrx_word' id='word_1_256' title='bbox 881 2861 982 2942; x_wconf 87' lang='lat' dir='ltr'><strong>qui</strong></span> <span class='ocrx_word' id='word_1_257' title='bbox 1028 2871 1226 2924; x_wconf 88' lang='lat' dir='ltr'><strong>autem</strong></span> <span class='ocrx_word' id='word_1_258' title='bbox 1259 2859 1602 2923; x_wconf 87' lang='lat' dir='ltr'><strong>exhauserit</strong></span> <span class='ocrx_word' id='word_1_259' title='bbox 1650 2858 1895 2940; x_wconf 86' lang='lat' dir='ltr'><strong>primus,</strong></span> <span class='ocrx_word' id='word_1_260' title='bbox 1923 2869 2113 2920; x_wconf 88' lang='lat' dir='ltr'><strong>utrem</strong></span> <span class='ocrx_word' id='word_1_261' title='bbox 2162 2861 2570 2940; x_wconf 85' lang='lat' dir='ltr'><strong>Ctesiphontis</strong></span> 
     </span>
     <span class='ocr_line' id='line_1_29' title="bbox 261 2951 2571 3034; baseline 0.002 -24"><span class='ocrx_word' id='word_1_262' title='bbox 261 2952 534 3033; x_wconf 83' lang='lat' dir='ltr'><strong>accipiet.</strong></span> <span class='ocrx_word' id='word_1_263' title='bbox 618 2954 769 3016; x_wconf 81' lang='lat' dir='ltr'><strong>Drc.</strong></span> <span class='ocrx_word' id='word_1_264' title='bbox 815 2953 868 3013; x_wconf 94' lang='lat'>0</span> <span class='ocrx_word' id='word_1_265' title='bbox 900 2956 1086 3034; x_wconf 82' lang='lat' dir='ltr'><strong>pueri,</strong></span> <span class='ocrx_word' id='word_1_266' title='bbox 1115 2973 1153 3015; x_wconf 92' lang='lat' dir='ltr'><strong>o</strong></span> <span class='ocrx_word' id='word_1_267' title='bbox 1201 2954 1502 3026; x_wconf 87' lang='lat' dir='ltr'><strong>mulieres,</strong></span> <span class='ocrx_word' id='word_1_268' title='bbox 1550 2971 1750 3012; x_wconf 90' lang='lat' dir='ltr'><strong>nonne</strong></span> <span class='ocrx_word' id='word_1_269' title='bbox 1781 2951 2133 3013; x_wconf 73' lang='lat' dir='ltr'><strong>audivistis?</strong></span> <span class='ocrx_word' id='word_1_270' title='bbox 2174 2953 2571 3034; x_wconf 66' lang='lat' dir='ltr'><strong>quid‘agitis‘!</strong></span> 
     </span>
     <span class='ocr_line' id='line_1_30' title="bbox 263 3045 2572 3127; baseline 0.003 -24"><span class='ocrx_word' id='word_1_271' title='bbox 263 3064 382 3105; x_wconf 90' lang='lat' dir='ltr'><strong>non</strong></span> <span class='ocrx_word' id='word_1_272' title='bbox 427 3045 779 3108; x_wconf 87' lang='lat' dir='ltr'><strong>auscultatis</strong></span> <span class='ocrx_word' id='word_1_273' title='bbox 807 3047 1114 3127; x_wconf 71' lang='lat' dir='ltr'><strong>praeconi?</strong></span> <span class='ocrx_word' id='word_1_274' title='bbox 1175 3047 1380 3108; x_wconf 85' lang='lat' dir='ltr'><strong>Elixas</strong></span> <span class='ocrx_word' id='word_1_275' title='bbox 1409 3045 1609 3118; x_wconf 78' lang='lat' dir='ltr'><strong>facite,</strong></span> <span class='ocrx_word' id='word_1_276' title='bbox 1656 3054 1897 3116; x_wconf 89' lang='lat' dir='ltr'><strong>torrete,</strong></span> <span class='ocrx_word' id='word_1_277' title='bbox 1926 3053 2157 3106; x_wconf 82' lang='lat' dir='ltr'><strong>versate</strong></span> <span class='ocrx_word' id='word_1_278' title='bbox 2186 3047 2246 3105; x_wconf 91' lang='lat' dir='ltr'><strong>in</strong></span> <span class='ocrx_word' id='word_1_279' title='bbox 2276 3047 2435 3127; x_wconf 81' lang='lat' dir='ltr'><strong>igne,</strong></span> <span class='ocrx_word' id='word_1_280' title='bbox 2463 3049 2572 3110; x_wconf 89' lang='lat' dir='ltr'><strong>de-</strong></span> 
     </span>
     <span class='ocr_line' id='line_1_31' title="bbox 262 3136 2569 3220; baseline 0.003 -23"><span class='ocrx_word' id='word_1_281' title='bbox 262 3139 478 3200; x_wconf 83' lang='lat' dir='ltr'><strong>trabite</strong></span> <span class='ocrx_word' id='word_1_282' title='bbox 529 3159 568 3199; x_wconf 88' lang='lat' dir='ltr'><strong>a</strong></span> <span class='ocrx_word' id='word_1_283' title='bbox 617 3142 870 3200; x_wconf 85' lang='lat' dir='ltr'><strong>verubus</strong></span> <span class='ocrx_word' id='word_1_284' title='bbox 927 3159 1140 3201; x_wconf 85' lang='lat' dir='ltr'><strong>carnes</strong></span> <span class='ocrx_word' id='word_1_285' title='bbox 1198 3137 1536 3220; x_wconf 86' lang='lat' dir='ltr'><strong>leporinas:</strong></span> <span class='ocrx_word' id='word_1_286' title='bbox 1580 3139 1749 3198; x_wconf 88' lang='lat' dir='ltr'><strong>ocius</strong></span> <span class='ocrx_word' id='word_1_287' title='bbox 1804 3136 2063 3198; x_wconf 85' lang='lat' dir='ltr'><strong>corollas</strong></span> <span class='ocrx_word' id='word_1_288' title='bbox 2114 3139 2373 3200; x_wconf 86' lang='lat' dir='ltr'><strong>nectite:</strong></span> <span class='ocrx_word' id='word_1_289' title='bbox 2416 3141 2569 3202; x_wconf 92' lang='lat' dir='ltr'><strong>cedo</strong></span> 
     </span>
     <span class='ocr_line' id='line_1_32' title="bbox 261 3229 2571 3313; baseline 0.003 -25"><span class='ocrx_word' id='word_1_290' title='bbox 261 3231 541 3304; x_wconf 79' lang='lat' dir='ltr'><strong>vericula,</strong></span> <span class='ocrx_word' id='word_1_291' title='bbox 568 3244 637 3292; x_wconf 89' lang='lat' dir='ltr'><strong>ut</strong></span> <span class='ocrx_word' id='word_1_292' title='bbox 661 3233 842 3311; x_wconf 82' lang='lat' dir='ltr'><strong>figam</strong></span> <span class='ocrx_word' id='word_1_293' title='bbox 869 3233 1102 3294; x_wconf 84' lang='lat' dir='ltr'><strong>turdos.</strong></span> <span class='ocrx_word' id='word_1_294' title='bbox 1186 3234 1403 3293; x_wconf 74' lang='lat' dir='ltr'><strong>Cnoa.</strong></span> <span class='ocrx_word' id='word_1_295' title='bbox 1449 3229 1656 3292; x_wconf 89' lang='lat' dir='ltr'><strong>Laudo</strong></span> <span class='ocrx_word' id='word_1_296' title='bbox 1687 3230 1955 3290; x_wconf 84' lang='lat' dir='ltr'><strong>fortunas</strong></span> <span class='ocrx_word' id='word_1_297' title='bbox 1976 3241 2133 3304; x_wconf 87' lang='lat' dir='ltr'><strong>tuas,</strong></span> <span class='ocrx_word' id='word_1_298' title='bbox 2160 3233 2239 3292; x_wconf 92' lang='lat' dir='ltr'><strong>ob</strong></span> <span class='ocrx_word' id='word_1_299' title='bbox 2266 3252 2423 3306; x_wconf 87' lang='lat' dir='ltr'><strong>earn,</strong></span> <span class='ocrx_word' id='word_1_300' title='bbox 2448 3253 2571 3313; x_wconf 92' lang='lat' dir='ltr'><strong>qua</strong></span> 
     </span>
     <span class='ocr_line' id='line_1_33' title="bbox 261 3323 2565 3406; baseline 0.001 -21"><span class='ocrx_word' id='word_1_301' title='bbox 261 3323 474 3401; x_wconf 84' lang='lat' dir='ltr'><strong>polles,</strong></span> <span class='ocrx_word' id='word_1_302' title='bbox 503 3324 903 3402; x_wconf 83' lang='lat' dir='ltr'><strong>prudentiam,</strong></span> <span class='ocrx_word' id='word_1_303' title='bbox 929 3326 1238 3406; x_wconf 90' lang='lat' dir='ltr'><strong>multoque</strong></span> <span class='ocrx_word' id='word_1_304' title='bbox 1263 3326 1476 3406; x_wconf 84' lang='lat' dir='ltr'><strong>magis,</strong></span> <span class='ocrx_word' id='word_1_305' title='bbox 1518 3324 1601 3384; x_wconf 89' lang='lat' dir='ltr'><strong>mi</strong></span> <span class='ocrx_word' id='word_1_306' title='bbox 1626 3323 1829 3394; x_wconf 88' lang='lat' dir='ltr'><strong>bomo,</strong></span> <span class='ocrx_word' id='word_1_307' title='bbox 1858 3323 1935 3383; x_wconf 91' lang='lat' dir='ltr'><strong>ob</strong></span> <span class='ocrx_word' id='word_1_308' title='bbox 1975 3335 2311 3404; x_wconf 68' lang='lat' dir='ltr'><strong>praesentes.</strong></span> <span class='ocrx_word' id='word_1_309' title='bbox 2332 3327 2565 3406; x_wconf 83' lang='lat' dir='ltr'><strong>epulas.</strong></span> 
     </span>
     <span class='ocr_line' id='line_1_34' title="bbox 261 3415 2569 3498; baseline 0.003 -26"><span class='ocrx_word' id='word_1_310' title='bbox 261 3415 412 3476; x_wconf 79' lang='lat' dir='ltr'><strong>Drc.</strong></span> <span class='ocrx_word' id='word_1_311' title='bbox 467 3416 628 3485; x_wconf 90' lang='lat' dir='ltr'><strong>Quid</strong></span> <span class='ocrx_word' id='word_1_312' title='bbox 677 3437 820 3496; x_wconf 86' lang='lat' dir='ltr'><strong>ergo</strong></span> <span class='ocrx_word' id='word_1_313' title='bbox 872 3417 1108 3490; x_wconf 85' lang='lat' dir='ltr'><strong>dicetis,</strong></span> <span class='ocrx_word' id='word_1_314' title='bbox 1157 3418 1399 3498; x_wconf 89' lang='lat' dir='ltr'><strong>quando</strong></span> <span class='ocrx_word' id='word_1_315' title='bbox 1449 3416 1724 3477; x_wconf 84' lang='lat' dir='ltr'><strong>videbitis</strong></span> <span class='ocrx_word' id='word_1_316' title='bbox 1769 3415 2002 3487; x_wconf 84' lang='lat' dir='ltr'><strong>turdos,</strong></span> <span class='ocrx_word' id='word_1_317' title='bbox 2045 3428 2114 3476; x_wconf 86' lang='lat' dir='ltr'><strong>ut</strong></span> <span class='ocrx_word' id='word_1_318' title='bbox 2160 3417 2569 3479; x_wconf 72' lang='lat' dir='ltr'><strong>assabantur?</strong></span> 
     </span>
     <span class='ocr_line' id='line_1_35' title="bbox 259 3507 2567 3590; baseline 0.003 -24"><span class='ocrx_word' id='word_1_319' title='bbox 259 3507 480 3570; x_wconf 72' lang='lat' dir='ltr'><strong>Onon.</strong></span> <span class='ocrx_word' id='word_1_320' title='bbox 525 3507 792 3571; x_wconf 82' lang='lat' dir='ltr'><strong>Arbitror</strong></span> <span class='ocrx_word' id='word_1_321' title='bbox 819 3521 880 3572; x_wconf 88' lang='lat' dir='ltr'><strong>et</strong></span> <span class='ocrx_word' id='word_1_322' title='bbox 898 3511 1014 3573; x_wconf 90' lang='lat' dir='ltr'><strong>hoc</strong></span> <span class='ocrx_word' id='word_1_323' title='bbox 1040 3520 1100 3572; x_wconf 90' lang='lat' dir='ltr'><strong>te</strong></span> <span class='ocrx_word' id='word_1_324' title='bbox 1121 3521 1280 3573; x_wconf 89' lang='lat' dir='ltr'><strong>recte</strong></span> <span class='ocrx_word' id='word_1_325' title='bbox 1313 3510 1535 3571; x_wconf 90' lang='lat' dir='ltr'><strong>dicere.</strong></span> <span class='ocrx_word' id='word_1_326' title='bbox 1622 3508 1772 3568; x_wconf 79' lang='lat' dir='ltr'><strong>Dic.</strong></span> <span class='ocrx_word' id='word_1_327' title='bbox 1817 3507 2066 3568; x_wconf 87' lang='lat' dir='ltr'><strong>Sarculo</strong></span> <span class='ocrx_word' id='word_1_328' title='bbox 2094 3509 2321 3569; x_wconf 84' lang='lat' dir='ltr'><strong>suscita</strong></span> <span class='ocrx_word' id='word_1_329' title='bbox 2344 3510 2567 3590; x_wconf 87' lang='lat' dir='ltr'><strong>ignem.</strong></span> 
     </span>
     <span class='ocr_line' id='line_1_36' title="bbox 257 3600 2571 3683; baseline 0.002 -23"><span class='ocrx_word' id='word_1_330' title='bbox 257 3601 482 3662; x_wconf 76' lang='lat' dir='ltr'><strong>cnon..</strong></span> <span class='ocrx_word' id='word_1_331' title='bbox 523 3602 858 3675; x_wconf 84' lang='lat' dir='ltr'><strong>Audistine,</strong></span> <span class='ocrx_word' id='word_1_332' title='bbox 885 3615 954 3663; x_wconf 92' lang='lat' dir='ltr'><strong>ut</strong></span> <span class='ocrx_word' id='word_1_333' title='bbox 982 3622 1144 3664; x_wconf 89' lang='lat' dir='ltr'><strong>more</strong></span> <span class='ocrx_word' id='word_1_334' title='bbox 1193 3603 1470 3683; x_wconf 88' lang='lat' dir='ltr'><strong>coquin0,</strong></span> <span class='ocrx_word' id='word_1_335' title='bbox 1497 3600 1764 3680; x_wconf 88' lang='lat' dir='ltr'><strong>sciteque</strong></span> <span class='ocrx_word' id='word_1_336' title='bbox 1793 3610 1854 3662; x_wconf 90' lang='lat' dir='ltr'><strong>et</strong></span> <span class='ocrx_word' id='word_1_337' title='bbox 1880 3601 2199 3662; x_wconf 84' lang='lat' dir='ltr'><strong>coenatorie</strong></span> <span class='ocrx_word' id='word_1_338' title='bbox 2228 3601 2341 3662; x_wconf 87' lang='lat' dir='ltr'><strong>sibi</strong></span> <span class='ocrx_word' id='word_1_339' title='bbox 2368 3605 2571 3665; x_wconf 87' lang='lat' dir='ltr'><strong>omnia</strong></span> 
     </span>
     <span class='ocr_line' id='line_1_37' title="bbox 259 3693 2567 3772; baseline 0.002 -19"><span class='ocrx_word' id='word_1_340' title='bbox 259 3693 660 3756; x_wconf 86' lang='lat' dir='ltr'><strong>administrari</strong></span> <span class='ocrx_word' id='word_1_341' title='bbox 695 3695 951 3772; x_wconf 76' lang='lat' dir='ltr'><strong>jubeat?</strong></span> <span class='ocrx_word' id='word_1_342' title='bbox 1034 3697 1156 3758; x_wconf 80' lang='lat' dir='ltr'><strong>Ae.</strong></span> <span class='ocrx_word' id='word_1_343' title='bbox 1202 3695 1318 3756; x_wconf 84' lang='lat' dir='ltr'><strong>Hei</strong></span> <span class='ocrx_word' id='word_1_344' title='bbox 1345 3694 1486 3756; x_wconf 88' lang='lat' dir='ltr'><strong>mihi</strong></span> <span class='ocrx_word' id='word_1_345' title='bbox 1538 3693 1789 3754; x_wconf 80' lang='lat' dir='ltr'><strong>misero!</strong></span> <span class='ocrx_word' id='word_1_346' title='bbox 1846 3693 2024 3754; x_wconf 87' lang='lat' dir='ltr'><strong>·D1‹:.</strong></span> <span class='ocrx_word' id='word_1_347' title='bbox 2073 3693 2191 3771; x_wconf 75' lang='lat' dir='ltr'><strong>Pro</strong></span> <span class='ocrx_word' id='word_1_348' title='bbox 2242 3695 2567 3758; x_wconf 82' lang='lat' dir='ltr'><strong>Hercules!</strong></span> 
     </span>
     <span class='ocr_line' id='line_1_38' title="bbox 257 3786 2568 3868; baseline 0.002 -23"><span class='ocrx_word' id='word_1_349' title='bbox 257 3786 394 3866; x_wconf 87' lang='lat' dir='ltr'><strong>quis</strong></span> <span class='ocrx_word' id='word_1_350' title='bbox 421 3786 586 3848; x_wconf 70' lang='lat' dir='ltr'><strong>iste?</strong></span> <span class='ocrx_word' id='word_1_351' title='bbox 664 3787 788 3848; x_wconf 80' lang='lat' dir='ltr'><strong>Ao.</strong></span> <span class='ocrx_word' id='word_1_352' title='bbox 835 3787 1030 3850; x_wconf 83' lang='lat' dir='ltr'><strong>Homo</strong></span> <span class='ocrx_word' id='word_1_353' title='bbox 1056 3788 1472 3849; x_wconf 78' lang='lat' dir='ltr'><strong>infortunatus.</strong></span> <span class='ocrx_word' id='word_1_354' title='bbox 1534 3787 1687 3847; x_wconf 78' lang='lat' dir='ltr'><strong>Dic.</strong></span> <span class='ocrx_word' id='word_1_355' title='bbox 1719 3786 1880 3866; x_wconf 79' lang='lat' dir='ltr'><strong>Ergo</strong></span> <span class='ocrx_word' id='word_1_356' title='bbox 1907 3805 2028 3865; x_wconf 85' lang='lat' dir='ltr'><strong>quo</strong></span> <span class='ocrx_word' id='word_1_357' title='bbox 2055 3788 2363 3866; x_wconf 87' lang='lat' dir='ltr'><strong>occepisti,</strong></span> <span class='ocrx_word' id='word_1_358' title='bbox 2385 3809 2568 3868; x_wconf 81' lang='lat' dir='ltr'><strong>perge</strong></span> 
     </span>
     <span class='ocr_line' id='line_1_39' title="bbox 257 3878 2567 3963; baseline 0.003 -25"><span class='ocrx_word' id='word_1_359' title='bbox 257 3889 362 3939; x_wconf 87' lang='lat' dir='ltr'><strong>tua</strong></span> <span class='ocrx_word' id='word_1_360' title='bbox 387 3879 510 3940; x_wconf 79' lang='lat' dir='ltr'><strong>via.</strong></span> <span class='ocrx_word' id='word_1_361' title='bbox 595 3880 718 3942; x_wconf 80' lang='lat' dir='ltr'><strong>Ao.</strong></span> <span class='ocrx_word' id='word_1_362' title='bbox 761 3881 818 3940; x_wconf 91' lang='grc' dir='ltr'><strong>Ο</strong></span> <span class='ocrx_word' id='word_1_363' title='bbox 862 3882 1187 3954; x_wconf 86' lang='lat' dir='ltr'><strong>carissime,</strong></span> <span class='ocrx_word' id='word_1_364' title='bbox 1235 3879 1721 3962; x_wconf 88' lang='lat' dir='ltr'><strong>quandoquidem</strong></span> <span class='ocrx_word' id='word_1_365' title='bbox 1770 3878 2027 3938; x_wconf 82' lang='lat' dir='ltr'><strong>induciae</strong></span> <span class='ocrx_word' id='word_1_366' title='bbox 2070 3879 2173 3938; x_wconf 90' lang='lat' dir='ltr'><strong>tibi</strong></span> <span class='ocrx_word' id='word_1_367' title='bbox 2216 3880 2327 3940; x_wconf 86' lang='lat' dir='ltr'><strong>soli</strong></span> <span class='ocrx_word' id='word_1_368' title='bbox 2372 3896 2567 3963; x_wconf 79' lang='lat' dir='ltr'><strong>pactoe</strong></span> 
     </span>
     <span class='ocr_line' id='line_1_40' title="bbox 255 3970 2570 4056; baseline 0.004 -26"><span class='ocrx_word' id='word_1_369' title='bbox 255 3979 422 4044; x_wconf 80' lang='lat' dir='ltr'><strong>sunt,</strong></span> <span class='ocrx_word' id='word_1_370' title='bbox 453 3970 740 4034; x_wconf 86' lang='lat' dir='ltr'><strong>admetire</strong></span> <span class='ocrx_word' id='word_1_371' title='bbox 789 3973 928 4035; x_wconf 87' lang='lat' dir='ltr'><strong>mihi</strong></span> <span class='ocrx_word' id='word_1_372' title='bbox 976 3971 1200 4054; x_wconf 87' lang='lat' dir='ltr'><strong>aliquid</strong></span> <span class='ocrx_word' id='word_1_373' title='bbox 1242 3974 1434 4056; x_wconf 88' lang='lat' dir='ltr'><strong>pacis,</strong></span> <span class='ocrx_word' id='word_1_374' title='bbox 1481 3973 1693 4034; x_wconf 86' lang='lat' dir='ltr'><strong>saltem</strong></span> <span class='ocrx_word' id='word_1_375' title='bbox 1735 3971 1797 4031; x_wconf 92' lang='lat' dir='ltr'><strong>in</strong></span> <span class='ocrx_word' id='word_1_376' title='bbox 1838 3971 2331 4052; x_wconf 87' lang='lat' dir='ltr'><strong>quinquennium.</strong></span> <span class='ocrx_word' id='word_1_377' title='bbox 2414 3976 2570 4040; x_wconf 88' lang='lat' dir='ltr'><strong>Drc.</strong></span> 
     </span>
     <span class='ocr_line' id='line_1_41' title="bbox 258 4062 2569 4144; baseline 0.003 -22"><span class='ocrx_word' id='word_1_378' title='bbox 258 4062 424 4131; x_wconf 89' lang='lat' dir='ltr'><strong>Quid</strong></span> <span class='ocrx_word' id='word_1_379' title='bbox 450 4064 594 4124; x_wconf 85' lang='lat' dir='ltr'><strong>mali</strong></span> <span class='ocrx_word' id='word_1_380' title='bbox 620 4066 728 4126; x_wconf 88' lang='lat' dir='ltr'><strong>tibi</strong></span> <span class='ocrx_word' id='word_1_381' title='bbox 753 4065 1020 4129; x_wconf 74' lang='lat' dir='ltr'><strong>accidit?</strong></span> <span class='ocrx_word' id='word_1_382' title='bbox 1075 4068 1201 4130; x_wconf 81' lang='lat' dir='ltr'><strong>Ao.</strong></span> <span class='ocrx_word' id='word_1_383' title='bbox 1231 4067 1436 4128; x_wconf 86' lang='lat' dir='ltr'><strong>Interii</strong></span> <span class='ocrx_word' id='word_1_384' title='bbox 1465 4066 1689 4126; x_wconf 83' lang='lat' dir='ltr'><strong>amisso</strong></span> <span class='ocrx_word' id='word_1_385' title='bbox 1716 4066 1893 4125; x_wconf 89' lang='lat' dir='ltr'><strong>boum</strong></span> <span class='ocrx_word' id='word_1_386' title='bbox 1920 4064 2065 4144; x_wconf 84' lang='lat' dir='ltr'><strong>pari.</strong></span> <span class='ocrx_word' id='word_1_387' title='bbox 2152 4063 2325 4126; x_wconf 51' lang='lat' dir='ltr'><strong>Dic(</strong></span> <span class='ocrx_word' id='word_1_388' title='bbox 2348 4067 2569 4131; x_wconf 67' lang='lat' dir='ltr'><strong>Unde?</strong></span> 
     </span>
     <span class='ocr_line' id='line_1_42' title="bbox 255 4156 2565 4242; baseline 0.003 -26"><span class='ocrx_word' id='word_1_389' title='bbox 255 4157 380 4218; x_wconf 76' lang='lat' dir='ltr'><strong>Aa.</strong></span> <span class='ocrx_word' id='word_1_390' title='bbox 427 4157 482 4216; x_wconf 85' lang='lat' dir='ltr'><strong>E</strong></span> <span class='ocrx_word' id='word_1_391' title='bbox 523 4157 722 4238; x_wconf 79' lang='lat' dir='ltr'><strong>Phyla</strong></span> <span class='ocrx_word' id='word_1_392' title='bbox 767 4169 1057 4240; x_wconf 89' lang='lat' dir='ltr'><strong>ceperunt</strong></span> <span class='ocrx_word' id='word_1_393' title='bbox 1103 4160 1339 4222; x_wconf 87' lang='lat' dir='ltr'><strong>Boeotii.</strong></span> <span class='ocrx_word' id='word_1_394' title='bbox 1425 4160 1577 4242; x_wconf 79' lang='lat' dir='ltr'><strong>Drc.</strong></span> <span class='ocrx_word' id='word_1_395' title='bbox 1639 4157 1693 4216; x_wconf 95' lang='grc' dir='ltr'>Ο</span> <span class='ocrx_word' id='word_1_396' title='bbox 1738 4156 2143 4218; x_wconf 76' lang='lat' dir='ltr'><strong>termiserumi</strong></span> <span class='ocrx_word' id='word_1_397' title='bbox 2184 4159 2565 4224; x_wconf 85' lang='lat' dir='ltr'><strong>nibilominus</strong></span> 
     </span>
     <span class='ocr_line' id='line_1_43' title="bbox 258 4236 2567 4332; baseline 0.002 -25"><span class='ocrx_word' id='word_1_398' title='bbox 258 4259 456 4310; x_wconf 85' lang='lat' dir='ltr'><strong>tamen</strong></span> <span class='ocrx_word' id='word_1_399' title='bbox 501 4250 666 4310; x_wconf 79' lang='lat' dir='ltr'><strong>laena</strong></span> <span class='ocrx_word' id='word_1_400' title='bbox 711 4251 966 4313; x_wconf 88' lang='lat' dir='ltr'><strong>amiciris</strong></span> <span class='ocrx_word' id='word_1_401' title='bbox 1015 4251 1320 4312; x_wconf 76' lang='lat' dir='ltr'><strong>candida?</strong></span> <span class='ocrx_word' id='word_1_402' title='bbox 1401 4252 1527 4313; x_wconf 72' lang='lat' dir='ltr'><strong>Aa.</strong></span> <span class='ocrx_word' id='word_1_403' title='bbox 1570 4249 1687 4321; x_wconf 83' lang='lat' dir='ltr'><strong>Qui</strong></span> <span class='ocrx_word' id='word_1_404' title='bbox 1732 4247 1994 4329; x_wconf 85' lang='lat' dir='ltr'><strong>quidem,</strong></span> <span class='ocrx_word' id='word_1_405' title='bbox 2051 4236 2137 4310; x_wconf 75' lang='lat' dir='ltr'><strong>ita</strong></span> <span class='ocrx_word' id='word_1_406' title='bbox 2186 4271 2282 4313; x_wconf 89' lang='lat' dir='ltr'><strong>me</strong></span> <span class='ocrx_word' id='word_1_407' title='bbox 2331 4253 2567 4332; x_wconf 87' lang='lat' dir='ltr'><strong>Jupiter</strong></span> 
     </span>
     <span class='ocr_line' id='line_1_44' title="bbox 255 4342 2561 4427; baseline 0.002 -25"><span class='ocrx_word' id='word_1_408' title='bbox 255 4351 438 4416; x_wconf 82' lang='lat' dir='ltr'><strong>amet,</strong></span> <span class='ocrx_word' id='word_1_409' title='bbox 465 4344 712 4406; x_wconf 85' lang='lat' dir='ltr'><strong>alebant</strong></span> <span class='ocrx_word' id='word_1_410' title='bbox 745 4364 841 4406; x_wconf 91' lang='lat' dir='ltr'><strong>me</strong></span> <span class='ocrx_word' id='word_1_411' title='bbox 869 4346 1008 4406; x_wconf 82' lang='lat' dir='ltr'><strong>fimo</strong></span> <span class='ocrx_word' id='word_1_412' title='bbox 1035 4345 1276 4420; x_wconf 85' lang='lat' dir='ltr'><strong>bovino,</strong></span> <span class='ocrx_word' id='word_1_413' title='bbox 1317 4346 1490 4427; x_wconf 84' lang='lat' dir='ltr'><strong>quasi</strong></span> <span class='ocrx_word' id='word_1_414' title='bbox 1517 4343 1679 4406; x_wconf 90' lang='lat' dir='ltr'><strong>omni</strong></span> <span class='ocrx_word' id='word_1_415' title='bbox 1709 4361 1927 4423; x_wconf 82' lang='lat' dir='ltr'><strong>genere</strong></span> <span class='ocrx_word' id='word_1_416' title='bbox 1956 4342 2321 4406; x_wconf 86' lang='lat' dir='ltr'><strong>deliciarum.</strong></span> <span class='ocrx_word' id='word_1_417' title='bbox 2407 4346 2561 4406; x_wconf 74' lang='lat' dir='ltr'><strong>Dic.</strong></span> 
     </span>
     <span class='ocr_line' id='line_1_45' title="bbox 255 4434 2561 4519; baseline -0.002 -16"><span class='ocrx_word' id='word_1_418' title='bbox 255 4434 420 4504; x_wconf 80' lang='lat' dir='ltr'><strong>Quid</strong></span> <span class='ocrx_word' id='word_1_419' title='bbox 469 4437 650 4517; x_wconf 77' lang='lat' dir='ltr'><strong>igitur</strong></span> <span class='ocrx_word' id='word_1_420' title='bbox 699 4455 854 4517; x_wconf 80' lang='lat' dir='ltr'><strong>opus</strong></span> <span class='ocrx_word' id='word_1_421' title='bbox 900 4450 994 4500; x_wconf 87' lang='lat' dir='ltr'><strong>est</strong></span> <span class='ocrx_word' id='word_1_422' title='bbox 1043 4439 1196 4502; x_wconf 74' lang='lat' dir='ltr'><strong>tibi?</strong></span> <span class='ocrx_word' id='word_1_423' title='bbox 1277 4440 1398 4500; x_wconf 74' lang='lat' dir='ltr'><strong>Aa.</strong></span> <span class='ocrx_word' id='word_1_424' title='bbox 1443 4438 1673 4500; x_wconf 89' lang='lat' dir='ltr'><strong>Oculos</strong></span> <span class='ocrx_word' id='word_1_425' title='bbox 1720 4453 1886 4498; x_wconf 88' lang='lat' dir='ltr'><strong>meos</strong></span> <span class='ocrx_word' id='word_1_426' title='bbox 1930 4437 2185 4519; x_wconf 88' lang='lat' dir='ltr'><strong>corrupi,</strong></span> <span class='ocrx_word' id='word_1_427' title='bbox 2216 4441 2395 4501; x_wconf 83' lang='lat' dir='ltr'><strong>boves</strong></span> <span class='ocrx_word' id='word_1_428' title='bbox 2424 4440 2561 4499; x_wconf 82' lang='lat' dir='ltr'><strong>illos</strong></span> 
     </span>
     <span class='ocr_line' id='line_1_46' title="bbox 419 4529 2403 4596; baseline 0.001 -7"><span class='ocrx_word' id='word_1_429' title='bbox 419 4529 622 4592; x_wconf 76' lang='lat' dir='ltr'><strong>Arist.</strong></span> <span class='ocrx_word' id='word_1_430' title='bbox 653 4530 870 4596; x_wconf 72' lang='lat' dir='ltr'><strong>Trans.</strong></span> <span class='ocrx_word' id='word_1_431' title='bbox 2350 4533 2403 4590; x_wconf 92' lang='lat' dir='ltr'>C</span> 
     </span>
    </p>
   </div>
  </div>
 </body>
</html>
