3059 5059
418 390 501 447 '74
1184 388 1964 450 ARISTOPHANIS
2369 382 2730 466 [230-289

418 518 749 599 dissipabo.
830 520 1049 583 Ciron.
1096 520 1311 601 Perge,
1360 521 1618 603 procede
1658 532 1919 583 strenue.
2005 518 2249 593 Cessus,
2291 536 2331 578 ο
2367 513 2618 577 Cumis?
2673 522 2741 573 at

418 612 641 687 hercle,
668 624 849 675 autea
876 634 997 677 non
1024 617 1343 685 cessabas:
1396 614 1507 677 sed
1535 627 1658 677 tam
1685 616 1890 677 firmus
1933 632 2094 688 eras,
2117 631 2296 694 quam
2335 610 2528 671 lorum
2571 606 2742 669 cani·

418 724 605 766 num:
660 726 822 768 nune
850 718 1051 771 autem
1074 721 1135 771 te
1156 709 1343 770 vincit
1365 708 1736 773 Charinades
1763 708 1986 771 eundo.
2047 708 2104 767 Ο
2143 704 2526 789 Strymodore
2573 703 2742 763 Con·

414 798 733 880 thylensis,
776 801 999 881 optime
1031 802 1328 884 judicum,
1374 816 1546 865 estne
1592 802 1690 865 hic
1735 802 1888 863 forte
1938 801 2292 882 Euergides,
2339 812 2444 859 aut
2495 796 2742 857 Chabes

422 891 791 973 Phlyeusis'?
836 894 1050 969 Adest,
1072 896 1367 977 quidquid
1398 904 1664 978 superet,
1686 914 1965 977 appapoe,
1989 914 2184 975 popae,
2209 897 2497 975 papreux!
2533 912 2610 952 ex
2633 890 2746 951 illa

408 985 751 1065 juventute,
772 1008 911 1067 quoe
940 998 1065 1050 tum
1092 990 1363 1061 florebat,
1394 989 1644 1070 quando
1671 990 1732 1051 in
1763 990 2052 1070 Byzantio
2093 986 2552 1051 contubernales
2603 1002 2742 1045 era-

422 1099 557 1141 mus
586 1080 872 1143 custodes
900 1102 1017 1163 ego
1046 1093 1109 1143 et
1136 1093 1239 1151 tu:
1288 1083 1507 1144 deinde
1549 1083 2005 1145 obambulantes
2047 1092 2228 1143 noctu
2267 1079 2534 1161 punarioe
2573 1076 2742 1139 illius

421 1175 883 1257 surripiebamus
911 1178 1175 1257 ligneum
1200 1176 1570 1250 mortarium,
1595 1194 1718 1257 quo
1753 1178 1896 1237 fisso
1941 1176 2118 1237 oleris
2165 1173 2420 1255 agrestis
2465 1168 2744 1232 nonnihil

418 1270 847 1348 coquebamus.
932 1270 1054 1330 Sed
1084 1270 1457 1344 festinemus,
1486 1290 1523 1331 o
1551 1269 1658 1331 viri
1681 1289 1700 1338 ς
1753 1288 1892 1331 nem
1920 1268 1996 1331 de
2025 1269 2282 1331 Lachete
2322 1286 2486 1327 nunc
2519 1264 2748 1346 judici·

420 1380 527 1423 um
550 1362 674 1422 fiet.
756 1363 945 1423 Aiunt
971 1374 1169 1425 autem
1212 1382 1419 1425 omues
1460 1384 1600 1425 eum
1643 1365 1862 1425 habere
1903 1362 2138 1423 alveare
2177 1362 2420 1442 plenum
2455 1360 2742 1440 pecunia.

422 1455 633 1537 Itaque
658 1456 783 1517 heri
812 1456 985 1529 Cleo,
1012 1457 1287 1518 columen
1316 1470 1611 1529 nostrum,
1627 1476 1742 1517 nos
1758 1457 1942 1536 jussit
1961 1466 2192 1517 mature
2219 1455 2458 1529 adesse,
2477 1454 2742 1515 instruc·

422 1558 517 1609 tos
546 1549 607 1609 in
629 1560 749 1611 tres
778 1549 908 1611 dies
951 1551 1039 1611 ira
1070 1552 1287 1611 acerba
1312 1564 1525 1611 contra
1563 1550 1776 1631 ipsum,
1805 1560 1872 1611 ut
1899 1550 2059 1613 illius
2087 1548 2444 1610 ulciscamur
2467 1547 2742 1627 injurias.

420 1641 533 1703 Eia
574 1644 757 1723 agite,
798 1644 1173 1717 festinemus,
1212 1663 1251 1704 ο
1290 1644 1582 1723 equales,
1624 1654 1949 1724 antequam
1991 1643 2339 1705 illucescat:
2389 1660 2740 1721 pergamus,

416 1734 713 1817 simulque
740 1757 877 1797 cum
926 1736 1169 1798 lucerna
1214 1756 1649 1817 usquequaque
1679 1736 2086 1818 dispiciamus,
2113 1757 2190 1797 ne
2217 1735 2352 1817 quis
2385 1754 2460 1795 ex
2499 1733 2740 1793 insidiis

416 1826 825 1908 imprudentes
864 1850 977 1890 nos
1018 1831 1337 1912 opprimat.
1421 1831 1639 1893 Puta.
1683 1831 1894 1890 Lutum
1939 1829 2126 1903 istud,
2167 1830 2250 1889 mi
2303 1838 2494 1910 pater,
2539 1837 2738 1906 pater,

416 1941 587 1984 cave.
672 1925 887 1989 Cnon.
930 1924 1022 1984 Tu
1048 1924 1231 2003 igitur
1256 1924 1419 1984 humi
1448 1924 1741 1985 festucam
1781 1942 1968 1996 sume,
2009 1933 2071 1986 et
2109 1922 2412 1983 lucernam
2453 1938 2738 2000 emunge.

414 2013 633 2077 Purra.
678 2016 838 2078 Non.
923 2017 1045 2077 Sed
1074 2016 1259 2079 hocce
1288 2016 1479 2097 digito
1505 2017 1650 2077 mihi
1679 2016 1885 2078 videor
1921 2018 2220 2079 lucernum
2261 2016 2448 2097 probe
2485 2034 2738 2075 emune-

416 2118 607 2171 turus.
692 2113 909 2173 Grion.
952 2112 1377 2185 Quamobrem,
1428 2130 1465 2172 o
1506 2112 1714 2185 stulte,
1753 2109 1946 2191 digito
1991 2128 2307 2193 promoves
2345 2107 2738 2189 ellychnium,

414 2206 745 2285 praesertim
768 2206 829 2265 in
856 2206 975 2267 ista
994 2205 1111 2266 olei
1132 2202 1425 2285 penurie?
1466 2224 1590 2265 non
1613 2204 1772 2265 enim
1795 2214 1856 2265 te
1881 2203 2136 2277 mordet,
2173 2201 2416 2284 quando
2457 2220 2595 2263 care
2633 2209 2738 2261 est

416 2296 758 2361 emendum.
842 2298 1056 2361 Pura.
1102 2297 1359 2378 Edepol,
1398 2298 1449 2359 si
1488 2298 1737 2380 pergitis
1778 2298 2000 2379 pugnis
2041 2316 2156 2358 uos
2192 2294 2734 2367 commonefacere,

414 2392 729 2453 exstinctis
756 2392 1013 2453 lucernis
1044 2412 1153 2453 uos
1190 2391 1435 2453 domum
1474 2392 1808 2453 abibimus:
1849 2402 1978 2452 tum
2017 2390 2168 2453 forte
2207 2390 2270 2451 in
2311 2388 2571 2450 tenebris
2611 2388 2736 2449 bac

415 2485 661 2547 lucerna
680 2506 914 2559 carens,
934 2486 1123 2546 lutum
1146 2486 1413 2547 turbabis
1444 2485 1790 2557 ambulans,
1833 2494 2118 2565 tauquam
2157 2493 2424 2564 attagen.
2505 2482 2738 2545 Grion.

418 2576 697 2639 Profecto
720 2598 835 2659 ego
864 2580 1015 2641 alios
1042 2580 1221 2640 etium
1250 2588 1311 2639 te
1338 2580 1596 2660 majores
1623 2580 1880 2659 castigo.
1965 2578 2087 2639 Sed
2115 2577 2299 2651 istud,
2333 2576 2498 2658 quod
2535 2576 2736 2653 calco,

416 2670 563 2731 mihi
586 2691 821 2733 coenum
848 2672 1097 2733 videtur.
1182 2672 1261 2732 Et
1286 2674 1499 2734 mirum
1523 2674 1585 2733 ni
1611 2682 1869 2751 quatuor
1889 2670 1968 2731 ad
1999 2690 2292 2733 summum
2331 2672 2420 2731 cis
2459 2670 2590 2731 dies
2623 2690 2740 2731 ne-

416 2782 593 2826 cesse
616 2766 797 2827 fuerit
832 2767 1047 2827 Jovem
1088 2764 1337 2847 pluere:
1379 2764 1536 2826 adeo
1577 2766 1878 2827 increvere
1918 2765 1980 2824 iu
2022 2764 2283 2825 lucernis
2321 2763 2526 2843 fungi:
2571 2762 2742 2824 solet

418 2867 619 2919 autem
646 2876 825 2940 quam
852 2860 1125 2934 maxime,
1154 2860 1207 2919 si
1234 2858 1397 2919 istud
1436 2859 1564 2930 fiat,
1605 2858 1832 2939 pluere.
1915 2858 2219 2938 Expetunt
2245 2866 2444 2919 autem
2470 2857 2735 2929 fructus,

416 2952 759 3032 quicunque
802 2962 944 3012 suut
986 2952 1253 3025 serotini,
1294 2952 1560 3031 pluvium
1601 2960 1662 3013 et
1691 2952 1896 3013 Boreae
1935 2951 2166 3013 flatum.
2249 2949 2548 3019 Quidnam
2589 2949 2741 3012 huic

382 3102 395 3113 ,
418 3044 613 3105 sodali
654 3056 859 3105 nostro
891 3044 1101 3124 judici,
1140 3046 1243 3125 qui
1284 3044 1343 3105 iu
1384 3046 1552 3105 hisce
1593 3044 1826 3105 habitat
1865 3043 2120 3117 edibus,
2167 3043 2366 3104 dicam
2407 3041 2738 3117 accidisse,

416 3136 583 3217 quod
608 3156 731 3199 non
760 3136 960 3216 prodit
982 3136 1102 3199 huc
1138 3138 1217 3199 ad
1246 3158 1489 3219 gregem
1518 3150 1784 3197 nostrum
1807 3137 1834 3196 ‘i
1875 3156 2022 3198 saue
2063 3135 2318 3199 antehac
2345 3154 2468 3197 non
2496 3135 2740 3197 solebat

418 3228 685 3291 remulco
711 3228 899 3291 trabit
940 3229 1049 3289 sed
1076 3230 1299 3309 primus
1332 3232 1505 3291 nobis
1530 3230 1786 3310 proeibat
1809 3242 2064 3291 cantans
2086 3228 2410 3311 Phrynichi
2445 3248 2688 3291 carmen
2713 3250 2736 3300 ς

418 3323 639 3383 etenim
668 3332 765 3383 est
790 3332 1007 3383 cantus
1036 3342 1285 3383 amans:
1330 3323 1439 3383 sed
1468 3342 1586 3403 ego
1610 3343 1853 3397 censeo,
1879 3335 1950 3383 ut
1987 3322 2086 3383 hic
2125 3332 2380 3397 stantes,
2417 3342 2455 3381 o
2495 3324 2623 3397 viri,
2667 3338 2740 3387 et

416 3425 731 3476 cantantes
752 3434 887 3475 eum
916 3416 1218 3477 eliciamus
1241 3438 1259 3486 ς
1302 3417 1354 3477 si
1382 3418 1536 3477 forte
1564 3416 1814 3478 audiens
1841 3435 2034 3477 meam
2055 3414 2412 3477 cantilenam
2453 3436 2578 3497 prm
2621 3436 2740 3477 vo-

416 3506 649 3586 luptate
704 3520 982 3589 prorepat
1021 3509 1203 3571 foras.
1276 3510 1437 3581 Quid
1480 3529 1684 3571 causoe
1737 3522 1855 3582 est,
1893 3510 2278 3590 quamobrem
2325 3520 2466 3569 ante
2507 3511 2740 3572 ostium

418 3620 545 3663 non
572 3612 821 3683 apparet
844 3604 1015 3664 uobis
1042 3602 1140 3664 hic
1170 3623 1375 3675 senex,
1410 3622 1523 3665 nec
1565 3601 1929 3685 responsat?
1983 3622 2128 3663 num
2167 3602 2428 3683 perdidit
2467 3604 2739 3679 calceoS,

418 3704 523 3756 aut
552 3695 805 3775 digitum
844 3696 1017 3777 pedis
1064 3696 1125 3757 in
1156 3698 1414 3758 tenebris
1443 3696 1662 3757 alicubi
1703 3696 1970 3777 impegit,
1997 3696 2158 3757 unde
2199 3695 2511 3757 malleolus
2537 3696 2593 3757 ei
2633 3697 2740 3757 in-

418 3788 639 3848 tumuit
674 3788 897 3851 homini
944 3790 1075 3849 seui
1094 3788 1123 3847 ’ἒ
1170 3800 1231 3851 et
1271 3792 1421 3850 forte
1462 3791 1642 3851 etiam
1683 3790 1906 3871 inguen
1937 3790 1992 3849 ei
2019 3788 2244 3850 dolent.
2327 3790 2486 3850 Sane
2533 3789 2738 3851 multo

418 3880 737 3942 acerrimus
776 3892 909 3943 erat
938 3884 1201 3943 omnium
1242 3892 1534 3952 nostrum,
1575 3896 1642 3943 et
1679 3884 1844 3944 solus
1885 3883 2152 3943 oratione
2195 3902 2317 3943 non
2347 3884 2736 3947 flectebatur.

418 3972 539 4033 Sed
562 3974 881 4053 siquando
909 3976 1125 4056 aliquis
1162 3996 1299 4037 eum
1342 3976 1598 4057 supplex
1639 3988 1894 4057 rogaret,
1935 3987 2065 4037 tum
2103 3975 2205 4037 ille
2247 3977 2448 4058 capite
2489 3977 2576 4037 sic
2617 3975 2738 4039 de-

416 4068 602 4129 misso
620 4066 879 4143 dicebat,
908 4069 1199 4149 Lapidem
1220 4072 1437 4151 coquis.
1506 4070 1684 4131 Forte
1713 4070 1889 4131 etium
1918 4079 2160 4149 propter
2187 4069 2369 4129 istum
2399 4069 2734 4145 hominem,

414 4160 521 4239 qui
546 4160 717 4220 nobis
744 4160 871 4221 heri
894 4162 1137 4241 elapsus
1164 4173 1278 4236 est,
1308 4162 1611 4242 decipiens
1653 4182 1788 4235 uos,
1821 4174 1884 4223 et
1921 4163 2130 4223 dicens
2171 4161 2244 4223 se
2271 4163 2736 4224 Atheniensium

416 4254 765 4335 reipublicae
763 4254 993 4334 suver-e,
1018 4274 1261 4336 φημι
1286 4256 1355 4315 in
1386 4258 1558 4318 San-0
1581 4264 1957 4337 gererentur,
1978 4256 2246 4335 prinum
2285 4276 2346 4315 se
2385 4255 2735 4325 indicam-,-

416 4346 503 4420 id,
524 4348 789 4427 inquam,
817 4368 977 4427 oegre
1004 4350 1223 4421 ferens,
1248 4349 1399 4409 forte
1428 4370 1592 4409 nuuc
1623 4350 1686 4409 in
1725 4350 1888 4411 febre
1927 4350 2132 4410 cubat.
2213 4348 2370 4407 Nam
2411 4349 2502 4407 sic
2541 4348 2734 4410 homo

414 4451 529 4501 est.
612 4439 757 4513 Sed,
784 4460 821 4503 o
860 4444 1035 4513 bone,
1077 4460 1277 4522 surge,
1316 4454 1379 4502 et
1418 4462 1493 4503 ne
1535 4452 1595 4503 te
1635 4442 1832 4523 ipsum
1870 4440 2040 4515 edus,
2069 4460 2266 4521 neque
2307 4440 2737 4505 stomacheris.

412 4532 651 4596 Etenim
680 4532 853 4595 adest
876 4532 1059 4596 bomo
1084 4534 1328 4613 quidam
1348 4536 1668 4615 opulentus
1697 4554 1770 4597 ex
1789 4534 1884 4611 iis,
1911 4536 2014 4616 qui
2041 4533 2354 4596 Thracium
2383 4533 2738 4616 prodidere,
