3059 5059
450 333 572 393 226
1205 328 1990 395 ARISTOPHANIS
2317 330 2762 409 [ross-10⁷2

454 482 669 543 nempe
712 470 965 525 tractare
1011 463 1187 525 decet
1238 466 1469 545 po'e‘tas.
1558 464 1834 546 Namque
1895 463 2212 525 considera
2259 462 2401 525 inde
2451 466 2530 525 ab
2583 462 2756 525 initio

454 576 635 637 quam
662 555 840 619 utiles
867 556 1087 619 fuerint
1112 558 1554 639 proestantiores
1601 556 1687 617 illi
1733 560 1948 637 poetoe.
2031 556 2306 638 Orpbeus
2353 558 2509 617 enim
2555 556 2756 617 initia-

454 650 649 711 tiones
676 648 899 725 docuit,
926 660 989 711 et
1012 670 1049 710 a
1066 649 1330 713 coedibus
1362 651 1688 713 abstinere:
1719 650 1990 712 Musoeus
2017 661 2213 711 autem
2235 648 2493 712 remedia
2513 650 2754 711 morbo·

454 762 584 803 rum
640 754 701 804 et
745 743 1061 805 vaticinia:
1121 743 1427 805 Hesiodus
1472 762 1610 805 vero
1659 743 2098 825 agriculturam,
2148 744 2444 805 fructuum
2485 754 2756 824 tempora

436 846 517 899 ει
543 836 866 898 sementis:
920 836 1109 898 atille
1136 836 1371 898 divinus
1397 838 1695 899 Homerus
1720 837 1882 899 unde
1906 837 2154 917 gloriam
2182 850 2246 899 et
2271 838 2457 899 decus
2497 837 2754 918 adeptus

452 939 569 1002 est,
594 930 707 991 nisi
734 950 809 991 ex
829 948 903 991 eo
924 930 1088 1011 quod
1116 931 1283 991 utilia
1312 930 1618 1005 docuerat,
1647 932 1805 993 acies
1855 931 2149 1003 ordinare,
2191 932 2438 992 virtutes
2485 930 2754 1005 bellicas,

454 1024 633 1083 armis
688 1023 846 1084 viros
902 1022 1236 1085 iustruere?
1316 1024 1566 1086 Bacca.
1611 1024 1892 1085 Attamen
1937 1023 2284 1085 Pantaclem
2333 1024 2584 1085 edocere
2629 1043 2752 1086 uon

454 1118 650 1197 potuit
666 1116 1097 1198 ineptissimum
1126 1117 1291 1178 illum
1314 1136 1331 1177 t
1362 1138 1550 1198 nuper
1573 1118 1731 1178 enim
1759 1136 1942 1197 quum
1973 1136 2248 1198 pompam
2271 1116 2538 1190 duceret,
2565 1118 2754 1199 impo-

453 1210 629 1270 sitam
658 1212 836 1291 capiti
858 1229 968 1271 suo
996 1210 1226 1291 galeam
1270 1212 1519 1290 primurn
1571 1207 1912 1290 subligavit,
1959 1209 2178 1271 deinde
2225 1212 2461 1272 cristam
2505 1210 2560 1271 ei
2601 1210 2752 1271 adli·

456 1322 597 1383 gare
620 1304 863 1363 tandem
890 1304 1192 1384 cogitavit.
1276 1306 1495 1365 AEscn.
1541 1302 1662 1363 Sed
1691 1303 1841 1363 alios
1890 1302 2134 1365 edocuit
2177 1304 2394 1364 multos
2437 1314 2498 1363 et
2545 1304 2752 1377 fortes,

454 1415 703 1476 quorum
736 1416 888 1457 unus
916 1409 1009 1457 est
1038 1396 1369 1457 Lamachus
1396 1396 1593 1458 heros.
1679 1397 1773 1458 Ab
1797 1396 1919 1457 boc
1946 1408 2145 1457 autem
2174 1397 2436 1458 Homero
2479 1396 2753 1477 exempla

454 1491 746 1569 expressit
769 1508 937 1550 mens
968 1509 1121 1562 mea,
1148 1500 1210 1549 ει
1248 1489 1469 1551 multas
1494 1492 1744 1550 virtutes
1783 1490 2010 1551 effinxit
2040 1490 2468 1563 Patroclorum,
2494 1490 2752 1553 Teucro·

452 1583 1144 1664 rum,'1'hymoleontum‚
1182 1582 1397 1664 quibus
1444 1584 1760 1645 excitarem
1811 1602 2292 1663 unumquemque
2337 1586 2548 1656 civem,
2574 1592 2643 1644 ut
2685 1603 2752 1645 se

452 1674 547 1737 bis
576 1674 942 1755 adaequaret,
974 1675 1267 1756 siquando
1295 1678 1457 1738 tuboe
1484 1678 1718 1757 signum
1763 1676 2013 1738 audiret.
2097 1680 2180 1736 At
2219 1677 2416 1738 hercle
2462 1676 2753 1739 Phaedm

453 1788 573 1830 non
624 1768 913 1830 faciebam
956 1768 1286 1849 impudicas
1335 1790 1445 1831 nec
1494 1768 1925 1831 Stheneboeas·
1982 1788 2094 1831 nec
2143 1769 2270 1831 scio
2319 1788 2398 1831 an
2451 1771 2512 1829 in
2567 1770 2750 1833 ullam

448 1882 715 1943 unquam
735 1863 1017 1924 seminam
1046 1874 1342 1923 amantem
1365 1882 1570 1924 versus
1598 1862 1856 1924 fecerim.
1941 1862 2110 1924 Eun.
2155 1864 2290 1924 Non
2321 1862 2554 1924 hercle.
2611 1884 2750 1925 nam

434 1955 599 2016 mihil
654 1955 902 2017 Veneris
952 1956 1058 2016 tibi
1104 1956 1316 2017 inerat.
1400 1958 1618 2017 AEscn.
1662 1952 1792 2017 Nec
1843 1968 1984 2036 opto
2037 1968 2106 2017 ιιι
2159 1957 2334 2017 insit:
2389 1956 2496 2017 tibi
2551 1968 2754 2018 autem

450 2051 689 2131 tuisque
720 2050 971 2131 plurima
994 2049 1202 2109 Venus
1232 2069 1465 2129 semper
1488 2049 1763 2121 insideat,
1795 2058 1860 2109 ut
1899 2060 1962 2110 et
1977 2062 2034 2111 te
2081 2049 2274 2131 ipsum
2319 2048 2754 2131 pessumdedit.

452 2141 700 2205 Bacca.
747 2145 839 2204 Ita
890 2153 984 2204 est
1036 2162 1141 2223 per
1190 2142 1445 2204 Jovem:
1494 2163 1632 2203 nam
1674 2162 1812 2222 qum
1867 2142 2192 2205 alienarum
2235 2142 2542 2205 mulierum
2586 2162 2755 2205 com-

452 2247 689 2298 mentus
738 2256 805 2297 es
850 2236 1096 2316 flagitia,
1146 2236 1354 2297 iisdem
1406 2236 1706 2315 impetitus
1753 2254 1962 2316 poenas
2011 2235 2202 2297 luisti.
2285 2236 2456 2297 Eun.
2501 2236 2578 2298 Et
2603 2234 2752 2317 quid

450 2330 676 2391 civitati
702 2342 941 2403 nocent,
968 2349 1005 2389 o
1025 2330 1343 2405 infortune,
1370 2349 1520 2391 meoe
1545 2328 1960 2391 Stheneboeae?
2041 2331 2262 2391 AEscn.
2305 2330 2464 2400 Quia
2499 2332 2752 2412 ingenu-

434 2442 519 2485 -as
540 2423 791 2485 feminas
816 2425 1205 2503 ingenuorum
1234 2422 1488 2483 virorum
1520 2442 1732 2484 uxores
1761 2421 2031 2494 adduxti,
2061 2432 2130 2481 ut
2167 2424 2426 2485 cicutam
2461 2424 2752 2497 biberent,

450 2516 614 2597 quod
642 2517 892 2598 puderet
918 2536 1020 2576 eas
1050 2526 1287 2597 propter
1312 2526 1447 2577 tuos
1484 2515 2000 2597 Bellerophontes.
2084 2514 2254 2577 Eun..
2297 2519 2394 2576 An
2443 2536 2580 2578 vero
2623 2515 2750 2577 his·

450 2611 659 2672 toriam
715 2610 790 2671 de
846 2608 1103 2670 Phoedra
1156 2610 1465 2689 composui
1520 2610 1691 2671 aliter
1745 2628 1818 2670 ac
1871 2608 2191 2670 exstabat?
2269 2612 2489 2673 AEs'cu.
2559 2610 2752 2671 Immo

374 2702 380 2713 '
450 2703 672 2778 hercle,
694 2716 763 2765 ut
788 2703 1080 2765 exstabat.
1166 2702 1309 2776 Sed,
1337 2702 1497 2782 quod
1529 2702 1750 2763 malum
1777 2713 1892 2775 est,
1918 2712 2154 2783 oportet
2177 2705 2414 2783 poetam
2441 2702 2658 2774 celare,
2685 2714 2754 2765 et

452 2817 573 2859 non
602 2797 949 2879 producere,
978 2816 1087 2857 nec
1136 2796 1195 2856 in
1241 2814 1479 2857 scenam
1527 2795 1723 2858 edere.
1809 2796 1964 2857 Nam
2012 2796 2101 2856 uti
2137 2794 2416 2876 puerulos
2467 2795 2754 2876 magister

452 2892 648 2966 docet,
675 2893 757 2953 ita
786 2891 1023 2953 adultos
1052 2897 1268 2971 po'etoe.
1336 2888 1615 2950 'Omnino
1641 2899 1839 2950 autem
1865 2888 2041 2949 decet
2067 2908 2176 2948 nos
2207 2889 2378 2950 utilia
2404 2907 2752 2949 memorare.

456 2986 626 3047 Eun.
656 2986 719 3046 Si
741 3003 885 3065 ergo
907 2996 973 3045 tu
998 2984 1325 3064 Lycabetos
1354 3002 1640 3045 memores
1671 2983 1840 3044 nobis
1869 2992 1934 3043 et
1959 2982 2354 3043 Parnasorum
2383 2980 2754 3055 altitudines,

454 3078 703 3139 hoccine
756 3089 850 3139 est
898 3076 1069 3139 utilia
1122 3075 1383 3138 docere?
1433 3096 1610 3156 quem
1665 3077 1976 3155 oportebat
2029 3075 2292 3137 humano
2347 3094 2508 3137 more
2561 3076 2752 3156 loqui.

454 3172 673 3233 AEscu.
718 3170 861 3243 Sed,
883 3190 920 3230 o
947 3169 1198 3249 perdite,
1228 3188 1477 3231 necesse
1503 3180 1597 3231 est
1627 3187 1974 3248 magnarum
2017 3170 2446 3231 sententiarum
2485 3180 2548 3231 ει
2585 3168 2751 3275 cogi·

453 3266 743 3327 tationurn
770 3264 980 3324 similia
1006 3263 1187 3324 etiam
1213 3262 1392 3322 verba
1418 3262 1767 3342 producere.
1850 3262 2019 3321 Alias
2061 3282 2168 3343 par
2215 3270 2311 3325 est
2355 3264 2534 3325 etiam
2573 3262 2752 3325 semi·

454 3360 600 3421 deos
630 3355 1039 3439 grandioribus
1067 3356 1259 3415 verbis
1302 3355 1425 3416 uti:
1485 3374 1624 3414 nam
1667 3366 1730 3414 et
1765 3357 2028 3415 vestibus
2045 3355 2230 3417 multo
2249 3355 2752 3438 splendidioribus

450 3462 698 3513 utuntur
722 3470 898 3532 quarn
930 3468 1063 3511 nos.
1146 3449 1298 3518 Qum
1325 3468 1507 3530 quum
1535 3468 1652 3528 ego
1675 3447 1922 3528 pulchre
1948 3449 2357 3524 instituissem,
2384 3461 2452 3510 tu
2488 3448 2752 3512 roedasti.

454 3544 626 3605 Eun.
668 3543 803 3613 Quo
854 3542 1060 3604 facto?
1140 3543 1358 3605 AEscn.
1416 3540 1617 3603 Primo
1663 3562 1846 3622 quum
1893 3560 2063 3621 reges
2111 3543 2323 3622 pannis
2364 3542 2633 3616 induisti,
2681 3552 2752 3603 ut

450 3638 815 3700 miserabiles
843 3636 1178 3698 hominibus
1207 3635 1545 3697 viderentur
1569 3655 1723 3697 esse.
1767 3634 1936 3697 Eun.
1967 3636 2204 3715 Ergone
2226 3636 2284 3695 in
2308 3635 2422 3697 bac
2445 3656 2510 3697 re
2527 3635 2704 3697 nocui
2722 3634 2751 3693 ἲ

452 3752 573 3813 qno
626 3730 835 3792 sacto?
914 3734 1134 3793 AEscn.
1168 3729 1395 3790 Idcirco
1440 3730 1568 3809 jam
1620 3748 1794 3790 nemo
1851 3728 2018 3789 dives
2047 3728 2176 3789 vult
2205 3728 2492 3791 triremem
2527 3728 2752 3791 instru-

452 3844 551 3885 ere
580 3843 691 3884 suo
728 3834 962 3885 sumtu:
1022 3843 1221 3884 verum
1262 3824 1477 3905 pannis
1524 3842 1660 3884 sese
1699 3822 2005 3883 involvens
2058 3824 2468 3905 unusquisque
2513 3823 2642 3896 flet,
2689 3832 2756 3883 et

450 3936 769 3999 pauperem
800 3936 865 3977 se
894 3936 1027 3977 esse
1049 3918 1150 3977 ait.
1234 3916 1482 3977 Bacca.
1508 3917 1587 3978 Et
1613 3916 1872 3996 quidem,
1895 3916 1982 3975 ita
2006 3933 2102 3976 me
2131 3916 2312 3977 Ceres
2334 3928 2513 3988 amet,
2535 3918 2748 3977 subtus

450 4011 680 4070 habens
706 4010 969 4071 tunicam
990 4028 1023 4069 e
1052 4010 1214 4070 molli
1240 4009 1381 4070 lana
1408 4018 1666 4071 textam:
1717 4010 1984 4088 quivero
2025 4010 2158 4070 haic
2201 4008 2408 4071 dicens
2451 4008 2750 4082 fefellerit,

452 4123 588 4165 eum
616 4103 675 4165 in
706 4105 833 4166 foro
860 4103 1177 4185 piscatorio
1216 4122 1516 4183 emergere
1561 4102 1787 4163 videas.
1869 4102 2085 4163 AEscn.
2129 4102 2366 4165 Deinde
2413 4103 2748 4185 loquacita-

448 4208 571 4258 tem
598 4198 867 4258 excolere
895 4206 958 4259 et
979 4196 1241 4277 argutias
1267 4195 1548 4269 docuisti,
1570 4216 1705 4277 qum
1732 4214 1825 4255 res
1854 4206 1915 4255 et
1951 4196 2264 4276 paloestras
2309 4196 2642 4269 evacuavit,
2686 4206 2752 4257 ει

452 4290 623 4352 culos
700 4289 974 4351 contrivit
1042 4288 1622 4351 adolescentulorum
1699 4307 1890 4368 nugas
1965 4288 2366 4369 garrientium,
2421 4298 2483 4349 ει
2545 4288 2748 4351 nautis

448 4384 767 4461 persuasit,
793 4392 860 4445 ut
886 4384 1319 4465 refragarentur
1345 4382 1662 4464 magistris.
1744 4383 1827 4443 At
1853 4393 1994 4454 tum,
2017 4382 2260 4462 quando
2301 4400 2416 4464 ego
2457 4381 2748 4458 vivebam,

452 4474 597 4537 nihil
642 4476 803 4537 aliud
859 4477 1146 4551 sciebant,
1194 4494 1371 4557 quarn
1430 4475 1610 4538 offam
1648 4494 1892 4557 poscere
1943 4487 2006 4539 et
2057 4477 2420 4559 Rbmapae
2466 4474 2750 4539 clamare.
