3059 5059
492 395 610 454 242
1233 389 2013 453 ARISTOPHANIS
2433 395 2793 476 [455—516

495 529 708 590 nostra,
725 519 988 582 nondum
1007 521 1231 582 factum
1260 524 1356 583 sit.
1439 523 1641 584 Brut.
1681 525 1771 584 Ac
1809 523 2113 585 decretum
2154 523 2295 586 est?
2378 523 2656 587 Canen.
2702 526 2795 588 Ita

495 615 653 676 dico.
738 615 938 676 Beer.
979 615 1184 694 anue
1220 615 1420 676 omnia
1473 615 1591 676 illis
1646 616 2110 689 committuntur,
2165 636 2299 696 quo
2344 615 2483 678 viris
2538 617 2795 680 antehac

494 727 654 768 curae
675 707 887 768 erant?
969 709 1242 770 Cannu.
1286 710 1380 768 Ita
1407 729 1471 769 se
1499 709 1633 769 hoec
1676 709 1918 770 babent.
2001 709 2200 770 Bur.
2247 710 2459 790 Neque
2506 731 2625 793 ego
2672 731 2797 773 am-

493 799 652 879 plius
677 801 734 859 in
765 800 892 861 foro
909 800 1010 879 jus
1037 800 1252 873 dicam,
1283 801 1389 862 sed
1433 801 1627 861 uxor?
1711 802 1981 863 Cannu.
2025 802 2239 883 Neque
2280 815 2367 876 tu,
2408 823 2559 884 quos
2606 803 2794 865 habes

492 894 730 967 liberos,
757 893 882 955 ales
907 895 968 954 in
999 904 1319 972 posterum,
1346 894 1454 955 sed
1471 914 1645 956 uxor.
1726 895 1928 956 Bur.
1973 895 2186 975 Neque
2216 896 2510 975 suspirare
2528 895 2797 957 diluculo

495 988 746 1066 amplius
771 1008 920 1068 opus
947 989 1059 1050 erit
1083 987 1268 1049 mihi?
1350 990 1629 1048 Castu.
1672 987 1833 1062 Non,
1862 1007 1965 1069 per
2004 988 2259 1058 Jovemg
2299 987 2413 1049 sed
2450 975 2795 1049 mulieribus

492 1097 568 1143 ea
587 1099 746 1140 curae
775 1091 951 1142 sunt:
993 1091 1058 1142 tu
1085 1091 1282 1142 autem
1311 1097 1555 1141 securus
1598 1081 1725 1140 sine
1766 1082 1989 1160 gemitu
2030 1080 2259 1161 pedens
2300 1081 2463 1142 domi
2504 1083 2795 1143 manebis.

493 1169 690 1234 Bur.
735 1173 868 1234 Hoc
891 1195 1074 1234 unum
1103 1173 1426 1234 timendum
1455 1184 1550 1233 est
1578 1173 1751 1234 nobis
1782 1174 2133 1254 aequalibus,
2162 1193 2239 1234 ne
2266 1173 2496 1236 scilicet
2522 1173 2665 1248 illae,
2694 1175 2797 1238 ubi

489 1263 827 1344 reipublicae
855 1266 1118 1327 habenas
1138 1266 1533 1347 susceperint,
1556 1276 1682 1326 tum
1708 1285 1818 1327 nos
1844 1267 1907 1326 vi
1934 1276 2237 1346 cogant—
2319 1267 2594 1328 Culum.
2637 1268 2795 1328 Nam

491 1377 672 1437 quam
695 1359 862 1420 remi
943 1360 1144 1422 Bur.
1187 1359 1539 1440 Subagitare
1567 1360 1753 1440 ipsas.
1838 1361 2113 1420 Cunus.
2156 1359 2220 1420 si
2250 1378 2391 1420 vero
2414 1378 2535 1420 non
2576 1379 2795 1440 possu-

487 1450 666 1511 mus?
747 1450 947 1514 Bur.
990 1451 1311 1514 Prandium
1341 1471 1462 1512 non
1489 1453 1765 1514 dabunt.·
1823 1452 2095 1513 Cannu.
2120 1453 2209 1512 Tu
2238 1472 2378 1514 vero
2408 1454 2564 1514 istuc
2594 1454 2799 1515 hercle

488 1562 623 1623 age,
651 1552 722 1606 ut
746 1545 1040 1624 prandeas
1085 1557 1147 1606 et
1182 1547 1384 1606 futuas
1427 1545 1622 1606 simul.
1708 1546 1911 1607 Bur.
1956 1545 2121 1606 Nihil
2168 1555 2293 1607 tam
2346 1545 2621 1607 odiosum
2678 1557 2792 1620 est,

485 1655 662 1716 quam
708 1637 956 1700 invitum
985 1639 1204 1720 aliquid
1234 1639 1448 1700 facere.
1534 1640 1811 1699 Cunus.
1852 1640 2073 1700 Verum
2129 1640 2181 1699 si
2232 1637 2577 1721 reipublicoe
2632 1639 2795 1702 istud

485 1731 788 1805 conducit,
817 1731 876 1792 id
905 1732 1062 1794 viros
1083 1751 1288 1793 omnes
1314 1734 1510 1794 facere
1544 1743 1795 1812 oportet.
1882 1733 2038 1792 Nam
2066 1742 2129 1793 et
2152 1731 2457 1812 quoddam
2494 1733 2795 1792 seniorum

484 1821 708 1884 dictum
736 1824 1161 1900 circumfertur,
1179 1845 1428 1906 nempe:
1460 1828 1839 1906 Quamcunque
1862 1826 2053 1886 stulta
2072 1833 2128 1886 ct
2140 1826 2329 1907 fatua
2354 1823 2793 1896 &ereren-istus,

482 1935 552 1977 ea
569 1920 964 1980 misultis
989 1921 1057 1980 in
1083 1919 1288 1979 melius
1326 1923 1605 1980 conveni.
1688 1921 1887 1996 Atque
1940 1919 2165 1976 utinam
2220 1919 2307 1978 ita
2360 1918 2689 1996 contingat,
2733 1925 2797 1976 et

481 2021 900 2072 convertantur
915 2011 1176 2092 quidem,
1193 2032 1231 2071 o
1257 2011 1599 2072 veneranda
1626 2010 1828 2070 Pallas
1856 2021 1919 2070 et
1945 2008 2027 2067 dii
2054 2010 2257 2070 ceteri.
2339 2011 2561 2068 Verum
2598 2011 2791 2070 abeo:

481 2111 548 2162 tu
571 2115 771 2164 autem
795 2105 948 2165 vale.
1030 2105 1230 2163 Bur.
1273 2103 1352 2162 Et
1377 2110 1466 2168 tu,
1489 2119 1528 2159 o
1558 2099 1831 2162 Chreme.
1874 2103 2091 2160 Cnou.
2124 2099 2364 2170 Incede,
2390 2101 2791 2180 progredere:

481 2213 560 2256 an
581 2205 676 2256 est
700 2195 1012 2276 quisquam
1037 2193 1310 2262 virorum,
1339 2190 1440 2270 qui
1471 2209 1581 2250 nos
1604 2193 1927 2269 sequatur?
1964 2201 2243 2252 converte
2285 2202 2347 2252 te
2382 2202 2447 2252 et
2498 2193 2747 2274 adspice
2768 2214 2791 2254 t

478 2287 716 2348 custodi
745 2295 805 2347 te
831 2296 1026 2358 caute,
1053 2284 1220 2345 multi
1236 2283 1393 2344 enim
1417 2292 1559 2342 sunt
1580 2281 1677 2344 hic
1699 2281 2059 2343 fraudulenti
2086 2295 2149 2344 et
2163 2282 2529 2364 versipelles,
2550 2305 2627 2348 ne
2652 2287 2797 2366 quis

477 2397 516 2440 a
541 2389 712 2459 tergo
735 2378 1001 2440 habitum
1028 2387 1296 2438 nostrum
1332 2377 1626 2437 observet.
1682 2374 1804 2436 Sed
1822 2374 2077 2455 pedibus
2104 2393 2283 2455 quam
2306 2387 2449 2460 pote
2468 2379 2795 2458 plurimum

479 2489 702 2532 sonans
721 2470 951 2533 incede.
1035 2470 1223 2531 Nobis
1249 2470 1406 2532 enim
1445 2469 1709 2530 dedecus
1766 2467 1975 2530 afferat
2030 2470 2303 2530 omnibus
2352 2489 2427 2531 ea
2476 2491 2595 2547 res,
2646 2472 2699 2533 si
2756 2491 2799 2534 a

477 2564 618 2626 viris
639 2564 936 2646 deprensa
959 2563 1154 2626 fuerit.
1235 2564 1631 2632 Quamobrem
1661 2561 1945 2642 succinge
1973 2569 2056 2636 te,
2082 2563 2545 2644 circumquaque
2586 2565 2799 2626 obser-

479 2676 649 2730 vans,
671 2668 734 2718 et
761 2657 922 2728 illuc,
947 2668 1009 2717 et
1027 2657 1144 2717 bue
1185 2656 1264 2716 ad
1307 2655 1599 2730 dextram,
1640 2675 1717 2715 ne
1760 2655 1891 2716 haee
1949 2675 2042 2716 res
2090 2656 2415 2716 infortunio
2462 2656 2632 2718 nobis
2691 2659 2795 2718 sit.

479 2751 604 2812 Sed
628 2751 1011 2812 festinemus:
1067 2769 1324 2830 namque
1369 2769 1554 2830 prope
1608 2749 1773 2809 illum
1812 2748 1945 2829 jam
1990 2767 2192 2810 sumus
2238 2749 2457 2822 locum,
2506 2749 2671 2810 unde
2726 2751 2797 2810 in

475 2845 823 2906 concionem
870 2845 1250 2924 perreximus,
1305 2861 1490 2922 quum
1546 2861 1621 2902 eo
1672 2843 1909 2903 ivimus.
2022 2843 2180 2910 Quin
2200 2869 2227 2890 ο
2249 2841 2609 2923 conspicitur
2656 2842 2795 2922 jam

476 2936 711 3010 domus,
733 2959 808 2998 ex
835 2956 954 3017 qua
977 2945 1074 2998 est
1099 2936 1224 2996 dux
1251 2936 1373 3009 illa,
1415 2937 1719 3016 egregium
1749 2945 2083 2996 commenta
2120 2935 2374 3009 facinus,
2416 2934 2583 3017 quod
2622 2954 2797 2998 com-

475 3031 802 3110 probarunt
824 3031 1006 3090 cives.
1087 3030 1296 3108 Itaque
1325 3049 1444 3090 uon
1472 3040 1589 3101 est,
1615 3038 1683 3088 ut
1708 3029 1958 3109 amplius
1998 3039 2344 3090 cunctemur
2384 3029 2799 3110 opperientes,

475 3123 810 3202 barbasque
835 3133 1034 3184 mento
1061 3132 1297 3203 aptatas
1319 3123 1631 3196 habentes,
1661 3140 1735 3182 ne
1759 3123 1893 3201 quis
1914 3123 2065 3184 forte
2096 3141 2207 3182 nos
2234 3122 2456 3196 videat,
2496 3131 2558 3184 et
2594 3122 2799 3183 medi-

475 3234 579 3274 um
603 3215 668 3274 in
695 3233 906 3294 agmen
937 3226 1204 3275 nostrum
1231 3215 1474 3277 involet.
1560 3214 1681 3275 Sed
1703 3234 1815 3295 age
1850 3215 1969 3276 buc
2006 3217 2067 3277 in
2112 3217 2323 3277 umbra
2356 3215 2653 3278 accedens
2706 3217 2795 3277 ad

473 3307 778 3388 parietem,
805 3306 958 3368 limis
985 3307 1326 3387 respiciens,
1353 3325 1556 3371 rursus
1592 3309 1859 3370 habitum
1900 3319 2088 3382 muta,
2131 3319 2193 3371 et
2234 3329 2524 3389 compone
2581 3321 2643 3370 te
2701 3309 2793 3370 ad

473 3398 732 3460 eundem
747 3400 1008 3474 modum,
1037 3419 1156 3481 quo
1175 3413 1354 3461 antea
1379 3403 1545 3462 culta
1572 3421 1701 3463 eras
1726 3421 1743 3462 ε
1800 3413 1861 3463 et
1902 3421 1975 3462 ne
1994 3403 2294 3464 cuncteris
2320 3423 2337 3464 :
2396 3403 2619 3482 quippe
2652 3402 2795 3483 jam

473 3491 689 3554 ducem
707 3505 972 3555 nostrum
993 3495 1255 3556 omnium
1283 3515 1317 3554 e
1340 3496 1633 3557 concione
1660 3496 1992 3556 venientem
2020 3496 2311 3557 videmus.
2398 3495 2518 3557 Sed
2563 3494 2797 3558 festina

475 3587 692 3661 omnis,
717 3597 782 3648 et
805 3587 1024 3650 taedeat
1063 3600 1122 3650 te
1161 3590 1405 3650 barbam
1457 3589 1713 3671 amplius
1758 3589 1997 3664 babere,
2042 3590 2368 3670 presertim
2415 3607 2598 3669 quum
2656 3588 2795 3650 illue

473 3679 798 3742 adveniant
847 3691 1070 3744 vestem
1107 3682 1342 3744 solitam
1374 3683 1502 3762 jam
1557 3683 1787 3764 pridem
1840 3682 2089 3744 indutoe.
2174 3682 2396 3743 Pux.
2440 3681 2557 3740 Hae
2602 3681 2793 3741 nobis

470 3793 586 3847 res,
613 3794 652 3834 o
676 3775 972 3846 mulieres,
989 3795 1270 3858 prospere
1315 3785 1647 3850 cesserunt,
1698 3775 1775 3836 de
1820 3775 2036 3856 quibus
2093 3775 2567 3850 deliberavimus.
2655 3774 2794 3835 Sed

469 3885 648 3946 quam
675 3867 959 3929 citissime
987 3879 1302 3948 antequam
1333 3888 1444 3930 nos
1471 3869 1561 3928 vir
1587 3869 1883 3949 quispiam
1915 3868 2134 3942 videat,
2178 3867 2445 3948 projicite
2483 3865 2747 3946 penulas
2772 3887 2793 3928 ε

467 3960 731 4023 facessat
754 3963 892 4023 binc
921 3961 1102 4023 virilis
1124 3962 1384 4037 calceus,
1412 3962 1835 4024 Laconicorum
1859 3962 2059 4022 laxate
2084 3962 2371 4042 colligata
2396 3959 2545 4032 lora,
2586 3960 2793 4019 bacu-

466 4053 563 4115 los
589 4053 885 4117 dimittite.
969 4056 1058 4116 Ac
1087 4067 1152 4116 tu
1179 4055 1421 4137 quidem
1449 4056 1597 4117 istas
1626 4055 1901 4116 mulieres
1928 4073 2259 4138 compone:
2310 4072 2425 4132 ego
2452 4071 2593 4112 vero
2636 4052 2797 4114 volo

465 4147 626 4209 intro
651 4149 998 4229 subrepens,
1019 4151 1362 4231 priusquam
1391 4149 1478 4212 vir
1505 4169 1599 4210 me
1624 4148 1841 4223 videat,
1868 4147 2115 4231 pallium
2162 4149 2292 4228 ejus
2342 4163 2629 4226 reponere
2678 4166 2796 4218 eo,

463 4241 630 4303 unde
655 4243 857 4314 sumsi,
881 4255 952 4304 ut
975 4253 1040 4304 et
1063 4244 1356 4324 alia,quae
1397 4241 1577 4305 domo
1604 4243 1811 4304 extuli.
1894 4244 2111 4304 Cuoa.
2155 4240 2376 4303 Omnia
2417 4259 2554 4320 quae
2602 4239 2799 4312 dixti,

456 4335 584 4415 jam
635 4337 966 4418 composita
1019 4348 1194 4400 sunt:
1247 4347 1414 4398 tuum
1469 4347 1663 4398 autem
1722 4347 1814 4396 est
1852 4336 2136 4418 deinceps
2193 4335 2429 4407 docere,
2482 4331 2807 4413 quidnam·

465 4440 715 4508 agentes
735 4429 1106 4493 conducibile
1133 4431 1240 4492 tibi
1267 4431 1593 4493 videbimur
1616 4439 1777 4491 necte
1804 4429 2167 4492 auscultare.
2252 4428 2577 4507 Nunquam
2606 4425 2789 4487 enim

465 4538 600 4582 cum
625 4522 750 4584 ulla
777 4525 1042 4600 muliere,
1069 4543 1204 4605 quoe
1232 4537 1292 4586 te
1315 4525 1557 4605 peritior
1578 4524 1884 4606 acriorque
1906 4534 2089 4600 esset,
2116 4522 2243 4586 scio
2260 4539 2355 4584 me
2374 4537 2787 4602 congressam
