3059 5059
304 377 739 460 1121—1175]
1082 391 1093 404 ·
1279 378 1640 442 vasPAE.
1853 397 1862 407 ·
2515 385 2596 445 ss

294 507 355 566 in
386 527 584 590 panca
612 511 947 579 conferam:
990 527 1209 572 censeo
1250 521 1318 571 ut
1346 511 1628 592 deinceps
1657 510 1995 591 quicunque
2017 511 2234 572 civium
2259 529 2378 572 non
2401 510 2612 574 habu--

296 603 413 662 erit
430 603 729 677 aculeum,
760 605 809 664 is
838 623 915 664 ne
940 603 1255 664 triobolum
1282 603 1560 686 accipiat.

374 695 579 758 Pau..
622 699 947 776 Nunquam
992 696 1258 778 profecto
1284 696 1534 778 pallium
1561 697 1676 757 boc
1702 695 1872 756 vivus
1899 715 2134 770 exuam,
2161 697 2324 774 quod
2352 698 2594 778 quidem

294 785 491 847 solum
521 790 661 848 mihi
685 791 743 848 in
782 790 909 850 acie
948 788 1123 850 saluti
1169 789 1301 861 fuit,
1348 810 1529 868 quum
1575 789 1892 851 vehemens
1943 788 2040 851 ille
2089 790 2311 850 Boreas
2359 789 2596 868 ingruit.

294 879 507 942 Bran..
558 883 721 943 Nihil
750 884 909 956 boni,
938 881 1283 956 ut.videtur,
1314 882 1484 962 cupis
1533 883 1764 948 evenire
1815 883 1938 942 tibi.
2024 883 2152 942 Pin
2165 904 2224 943 1..
2265 883 2596 962 Haudqua-

294 991 475 1051 quam
496 977 655 1034 enim
684 975 883 1035 hercle
913 974 1053 1034 mihi
1082 973 1321 1054 expedit
1349 975 1668 1054 pretiosam
1719 985 1944 1036 vestem
1999 987 2252 1055 gestare.
2339 977 2490 1036 Nam
2537 987 2600 1038 et

290 1083 505 1144 nuper,
554 1085 736 1145 quum
784 1085 876 1126 me
922 1066 1226 1144 pisciculis
1272 1066 1632 1146 opplessem,
1682 1067 2043 1128 maculatam
2099 1081 2321 1130 vestem
2382 1068 2594 1128 fulloni

288 1158 661 1237 purgandam
700 1158 907 1230 detuli,
942 1159 1041 1218 cui
1083 1158 1343 1218 debitam
1386 1157 1717 1220 mercedem
1770 1159 2082 1221 triobolum
2127 1159 2300 1220 solvi.
2387 1160 2594 1222 anr..

288 1249 515 1311 Saltem
547 1251 871 1332 periculum
895 1251 1020 1320 fiat,
1052 1249 1536 1330 quandoquidem
1567 1251 1708 1311 mibi
1738 1261 1798 1312 te
1823 1253 2032 1332 ipsum·
2057 1254 2241 1314 semel
2291 1253 2594 1327 dedidisti,

290 1355 361 1402 ut
404 1344 515 1404 tibi
562 1343 981 1404 benefaciam.-
1037 1343 1234 1404 Prin..
1290 1343 1447 1412 Quid
1498 1363 1642 1423 ergo
1680 1343 1858 1423 jubes
1909 1365 2004 1405 me
2059 1345 2300 1406 facere?
2385 1347 2592 1410 Bnar..

291 1434 553 1496 Missum
579 1435 698 1497 boc
725 1435 969 1517 pallium
1008 1437 1157 1509 face,
1187 1444 1249 1497 et
1286 1436 1513 1498 hancce
1542 1439 1756 1497 laenam
1786 1437 2013 1517 conjice
2053 1437 2113 1496 in
2151 1439 2370 1500 collum
2409 1440 2596 1504 instar

286 1528 478 1608 pallii.
564 1530 767 1590 Pmr..
808 1529 1043 1609 Ergone
1064 1529 1222 1590 filios
1252 1548 1532 1608 generare
1570 1540 1632 1590 et
1674 1529 1930 1591 educare
1979 1541 2228 1611 oportet,
2258 1551 2438 1611 quum
2481 1534 2594 1594 iste

290 1641 385 1682 me
414 1641 580 1682 nunc
608 1621 899 1682 suffocare
926 1621 1098 1681 vult?
1182 1622 1388 1682 Bnm..
1442 1622 1618 1694 Hem,
1648 1621 1803 1688 hanc
1829 1643 1977 1704 cape
2025 1635 2088 1684 et
2137 1622 2310 1703 injice
2359 1625 2486 1698 tibi,
2533 1637 2596 1687 et

284 1733 363 1774 ne
390 1715 657 1794 loquere.
743 1715 949 1776 Pmr..
996 1715 1112 1776 Per
1143 1714 1289 1776 deos
1318 1717 1586 1789 obsecro,
1633 1714 1778 1795 quid
1819 1716 1934 1776 hoc
1983 1716 2123 1777 mali
2168 1717 2303 1776 est?
2385 1719 2592 1780 Bntr..

288 1795 653 1868 Alii'vocant
680 1806 950 1878 Persida,
999 1808 1095 1868 alii
1147 1809 1521 1870 Gaunacum.
1609 1808 1810 1870 Pau..
1871 1812 1954 1868 At
1999 1829 2116 1889 ego
2160 1809 2412 1872 lodicern
2458 1831 2592 1873 esse

284 1901 575 1980 putabam
602 1900 1051 1984 Thymoetidem.
1110 1903 1315 1964 Bner..
1368 1902 1497 1962 Nec
1525 1902 1731 1962 mirum
1761 1902 1822 1961 id
1861 1901 2142 1981 quidem:
2187 1922 2322 1964 nam
2375 1904 2592 1966 Sardes

284 2015 595 2074 nunquam
650 1996 867 2056 adiisti.
982 1995 1262 2075 Alioquin
1321 1993 1478 2054 enim
1539 2014 1792 2062 nossesz
1853 2014 2010 2056 nunc
2063 2007 2260 2056 autem
2327 1995 2590 2076 ignoras.

286 2086 493 2149 Pau..
556 2088 807 2168 Egone?
856 2111 974 2151 non
1006 2088 1225 2161 hercle,
1254 2107 1395 2161 non,
1424 2088 1686 2168 inquam.
1773 2088 1893 2148 Sed
1923 2087 2062 2148 mihi
2094 2088 2332 2167 quidem
2357 2089 2592 2152 videtur

284 2179 608 2260 persimilis
656 2201 788 2242 esse
840 2182 1111 2264 Morychi
1140 2181 1353 2244 villoso
1380 2199 1549 2261 sago.
1636 2181 1840 2242 Bou.
1873 2181 2160 2242 Minime:
2195 2181 2306 2256 ‚sed
2339 2183 2592 2245 Ecbata-

286 2273 383 2334 nis
420 2275 541 2333 ista
580 2283 877 2338 texuntur.
962 2277 1161 2336 Prin..
1190 2276 1286 2334 An
1316 2273 1637 2334 Ecbatanis
1659 2273 1812 2335 fiunt
1836 2284 2040 2336 tramoe
2082 2274 2300 2336 flocci?
2383 2277 2592 2340 Bou.

286 2367 710 2447 Nequaquam,
778 2387 817 2429 o
862 2371 1061 2440 bone;
1114 2367 1219 2428 sed
1262 2369 1377 2429 hoc
1423 2386 1459 2426 a
1502 2367 1779 2428 Barbaria
1832 2367 2048 2428 texitur
2095 2387 2314 2448 magno
2369 2381 2590 2444 sumtu,

282 2459 581 2538 siquid-em
611 2461 741 2522 haec
770 2461 925 2524 leena
964 2461 1133 2524 facile
1178 2461 1465 2522 talentum
1514 2462 1816 2542 absorpsit
1856 2459 2031 2522 lanae.
2118 2461 2318 2522 Pmr..
2374 2463 2592 2526 Nonne

284 2571 433 2630 ergo
462 2552 869 2634 lantper-dom
892 2555 1049 2616 hanc
1069 2556 1379 2634 oportebat
1406 2553 1708 2634 appellare
1729 2554 1948 2635 potius,
1979 2574 2158 2633 quam
2188 2549 2541 2618 Gaunacum
2566 2556 2591 2614 2

286 2643 498 2704 Bnnr..
534 2644 727 2708 Mane
772 2649 879 2722 sis,
928 2667 965 2708 o
1008 2651 1185 2720 boue,
1224 2656 1287 2708 et
1326 2647 1611 2721 consiste,
1659 2646 1798 2707 dum
1854 2645 2136 2708 indueris.
2219 2648 2417 2708 Pnn..
2473 2649 2590 2708 Hei

282 2736 431 2798 mibi
484 2737 737 2799 misero!
802 2751 1087 2821 quantum
1144 2740 1397 2802 calorem
1456 2742 1750 2819 impurata
1802 2740 1936 2802 haec
1987 2741 2046 2800 in
2105 2759 2198 2800 me
2263 2743 2589 2802 eructavit!

286 2829 497 2893 Bnm..
535 2831 745 2893 Nonne
775 2832 1109 2896 amicieris?
1187 2833 1385 2894 Pau..
1418 2833 1558 2892 Non
1589 2831 1862 2913 equidem
1890 2833 2128 2894 hercle:
2189 2834 2315 2908 sed,
2345 2853 2382 2894 ο
2407 2836 2588 2910 bone,

280 2926 335 2984 si
355 2946 605 2988 necesse
634 2940 747 3000 est,
782 2926 1083 2988 clibanum
1110 2926 1339 2986 induite
1365 2925 1529 2987 mihi.
1613 2926 1822 2986 Bner..
1860 2926 1988 3004 Age
2011 2927 2114 2996 sis,
2163 2925 2294 3004 ipse
2344 2946 2487 3008 ergo
2528 2939 2587 2989 te

279 3019 553 3080 amiciam
576 3033 609 3078 ι’
641 3031 705 3080 tu
732 3039 915 3100 perge
938 3019 1139 3080 modo.
1172 3053 1179 3060 -
1225 3019 1421 3078 Pau..
1466 3019 1654 3079 Porro
1680 3017 1799 3079 huc
1821 3017 1998 3078 etiam
2017 3017 2250 3096 depone
2270 3019 2586 3082 fuscinam.

282 3110 491 3172 nnn.
552 3111 713 3180 Quid
752 3112 881 3172 ita?
984 3112 1184 3173 Pmr..
1228 3111 1313 3172 Ut
1362 3131 1457 3172 me
1497 3112 1745 3184 eximas,
1797 3111 2138 3190 priusquam
2179 3109 2474 3190 liquefiam
2525 3123 2587 3174 et

280 3201 575 3265 diffluam.
658 3205 869 3265 Bmzr..
910 3205 1043 3286 Age
1066 3225 1225 3266 nunc
1254 3225 1405 3266 exue
1442 3203 1579 3264 illos
1620 3202 2003 3264 detestabiles
2045 3202 2306 3277 calceos,
2347 3213 2408 3264 et
2447 3225 2582 3284 pro·-

284 3315 429 3376 pere
452 3298 635 3358 indue
664 3298 991 3360 Laconicas
1018 3299 1129 3359 has
1151 3299 1396 3358 baxeas.
1479 3297 1680 3356 Prin..
1723 3297 1932 3376 Egone
1959 3305 2030 3355 ut
2057 3300 2380 3356 sustineam
2408 3297 2583 3358 indu-

282 3408 383 3450 ere
412 3409 675 3470 unquam
705 3392 781 3452 ab
811 3391 1081 3452 hostibus
1124 3401 1376 3452 consuta
1418 3391 1639 3450 infesta
1684 3387 2133 3450 calceamenta?
2216 3389 2422 3450 Bner..
2468 3388 2582 3450 Pe·

284 3482 423 3542 dem
456 3483 725 3555 immitte,
754 3501 791 3542 o
815 3484 992 3556 bone,
1018 3503 1283 3565 propere,
1314 3483 1529 3544 deinde
1553 3483 1800 3544 innitere
1829 3481 2076 3554 fortiter,
2107 3481 2166 3539 in
2207 3481 2580 3544 Laconicam.

282 3573 490 3636 Prin..
538 3574 815 3654 injuriam
836 3587 901 3636 tu
929 3575 1167 3656 quidem
1197 3575 1339 3636 mihi
1364 3576 1534 3649 facis,
1561 3575 1664 3654 qui
1701 3577 1762 3634 in
1802 3574 2028 3635 hostile
2050 3573 2242 3634 solum
2293 3595 2384 3636 me
2413 3576 2582 3656 cogis

280 3667 517 3728 deferre
562 3667 796 3748 pedem.
880 3669 1085 3729 Bnnr..
1136 3669 1391 3730 Immitte
1439 3688 1600 3730 nunc
1656 3679 1717 3730 et
1763 3669 2010 3730 alterum
2059 3667 2297 3748 pedem.
2378 3669 2580 3732 Prin..

284 3761 535 3822 Minime
560 3781 703 3822 vero
736 3762 955 3821 istum:
1004 3781 1141 3822 nam
1183 3782 1339 3822 unus
1388 3761 1704 3842 digitorum
1749 3761 1878 3842 ejus
1931 3762 2198 3823 Laconas
2243 3762 2368 3822 odit
2401 3783 2580 3842 quam

282 3855 565 3914 maxime.
648 3855 857 3916 Bon.
901 3854 1089 3916 Aliter
1116 3855 1239 3917 fieri
1268 3856 1495 3935 nequit.
1581 3855 1778 3916 Pan..
1822 3854 2036 3915 Infelix
2069 3875 2204 3936 ego,
2232 3855 2332 3934 qui
2377 3856 2438 3914 in
2486 3877 2580 3916 se·

282 3955 529 4008 nectute
562 3947 904 4026 perniouem
952 3967 1073 4008 non
1121 3948 1391 4010 habebo!
1476 3949 1682 4009 anz..
1728 3949 1990 4028 Propera
2034 3948 2314 4008 induere:
2363 3947 2578 4010 deinde

284 4058 449 4100 more
478 4038 729 4100 divitum
758 4041 847 4101 sic
870 4041 1081 4102 incede
1100 4061 1237 4102 cum
1266 4041 1425 4102 molli
1454 4051 1517 4102 et
1544 4040 1798 4102 delicato
1823 4051 1988 4102 motu
2015 4041 2298 4120 corporis.
2381 4040 2579 4104 Prin..

284 4131 420 4194 En:
482 4143 690 4212 specta
702 4133 828 4213 jam
857 4134 1122 4196 habitum
1154 4153 1370 4208 meum,
1400 4145 1461 4196 et
1478 4133 1791 4196 considera
1825 4134 1920 4194 cui
1953 4133 2318 4212 potissimum
2369 4155 2444 4196 ex
2487 4135 2578 4216 dig-

278 4222 499 4286 vitibus
518 4244 649 4286 sum
679 4227 913 4288 insessu
933 4228 1170 4290 similis.
1255 4227 1460 4288 Bnm..
1512 4227 1813 4288 Cuinam?
1861 4226 2192 4298 furunculo,
2245 4226 2342 4286 cui
2387 4229 2580 4308 impo-

286 4315 467 4378 situm
494 4337 572 4378 ex
595 4318 749 4380 alliis
779 4321 1181 4401 emplastrum.
1266 4321 1465 4382 me..
1514 4321 1594 4381 Et
1621 4320 1885 4401 profecto
1912 4320 2042 4400 jam
2081 4319 2223 4380 mihi
2263 4318 2446 4380 libido
2483 4329 2578 4380 est

282 4411 525 4472 clunem
552 4412 845 4476 mbtitare.
928 4415 1133 4480 Bou..
1178 4413 1475 4494 Agedum,
1502 4414 1972 4496 sciesne.graves
2010 4423 2084 4474 et·
2107 4413 2423 4492 praeclaros
2453 4431 2577 4478 ser,-

278 4523 491 4564 mones
517 4506 767 4586 exsequi
790 4527 988 4572 coram
1012 4507 1363 4572 viriadoctis
1387 4515 1449 4570 et
1468 4507 1682 4589 lepidis
1704 4506 1754 4588 ³.
1785 4506 1986 4570 Pau..
2017 4505 2324 4586 Equidem.
2368 4505 2574 4564 Bam..

358 4597 539 4660 Arist
551 4643 569 4660 .
590 4598 733 4662 Lat.
2347 4599 2412 4658 M
