3059 5059
462 363 577 423 162
1200 354 1980 417 ARISTOPHANIS
2397 354 2754 439 [sta-ess

453 490 699 553 veniens
728 501 847 550 tuoe
902 489 1173 569 conjugis
1209 491 1273 549 in
1318 486 1650 569 amplexus,
1692 488 1896 567 accipe
1941 507 2058 560 me,
2105 486 2311 568 accipe
2350 506 2468 562 me,
2507 488 2752 549 marite:

452 583 753 649 circumda
804 582 981 644 collo'
1012 601 1145 643 meo
1202 582 1476 642 brachia:
1536 581 1630 642 fac
1680 590 1738 641 te
1793 581 2064 642 osculer:
2123 580 2320 642 abduc
2361 601 2479 654 me,
2535 580 2756 651 abduc,

455 678 673 749 abduc,
700 676 894 737 abduc
932 695 1025 735 rne
1075 674 1410 735 adsumtum
1451 694 1628 754 quarn
1673 674 1977 736 citissime.
2063 672 2244 735 Mur..
2293 673 2434 733 vn.
2489 672 2760 733 Plorabit

454 773 682 851 utique,
702 790 806 850 per
828 767 1013 841 Deas,
1041 768 1376 848 quicunque
1404 777 1463 829 te
1490 764 1826 838 abduxerit,
1853 785 2172 845 percussus
2201 764 2314 827 hac
2345 766 2494 827 face.
2577 765 2676 825 En
2687 784 2751 825 a.

455 867 547 925 Tu
577 883 821 925 uxorem
848 882 1041 922 meam
1067 860 1345 941 prohibes
1375 880 1491 933 me,
1516 858 1816 940 Tyndarei
1853 858 2054 929 filiam,
2097 859 2372 940 Spartam
2413 857 2710 919 abducere
2729 855 2758 914 ἲ

456 960 643 1020 Mox..
669 956 808 1016 v11.
840 955 954 1015 Hei
982 953 1148 1027 mihi,
1175 973 1351 1034 quam
1380 962 1654 1015 versutus
1684 962 1744 1013 et
1765 962 1830 1012 tu
1859 951 2000 1011 mihi
2031 971 2168 1013 esse
2197 951 2434 1023 videris,
2477 964 2540 1011 et
2579 948 2757 1029 hujus

453 1052 749 1133 particeps
780 1047 1191 1109 consiliorum!
1245 1044 1427 1107 Haud
1448 1056 1668 1107 temere
1695 1044 1924 1106 dudum
1951 1044 2028 1106 de
2063 1044 2322 1125 AEgypto
2371 1045 2576 1105 nescio
2609 1040 2760 1123 quid

456 1143 822 1223 garriebatis.
908 1139 1032 1201 Sed
1050 1139 1150 1201 bic
1179 1139 1419 1220 quidem
1450 1139 1616 1201 dabit
1639 1158 1848 1220 poenas
1872 1158 1890 1197 t
1933 1137 2166 1199 accedit
2193 1138 2350 1197 enim
2375 1136 2675 1217 Prytanis,
2695 1144 2762 1196 et

457 1236 653 1297 lictor.
740 1236 909 1295 Eua.
946 1233 1395 1295 Incommodum
1438 1243 1533 1293 est
1577 1232 1730 1293 boc:
1787 1232 1894 1292 sed
1934 1231 2088 1291 clam
2139 1230 2566 1293 discedendum
2615 1230 2761 1291 mibi

457 1340 577 1393 est.
658 1328 877 1389 Mnus.
902 1329 985 1389 At
1011 1346 1126 1406 ego
1153 1325 1297 1406 quid
1326 1324 1544 1386 faciam
1576 1323 1822 1386 infelix?
1907 1326 2080 1385 Eun.
2109 1324 2293 1385 Mane
2319 1325 2576 1404 quietus.
2617 1322 2758 1383 Non

456 1424 612 1483 enim
639 1432 697 1483 te
714 1420 965 1500 prodam
990 1438 1277 1499 unquam,
1304 1417 1505 1501 quoad
1528 1418 1748 1489 vixero,
1795 1418 1911 1478 nisi
1959 1418 2292 1478 destituant
2335 1416 2622 1477 innumeri
2665 1434 2762 1476 me

455 1514 598 1577 doli.
700 1514 880 1574 Mur..
920 1512 1059 1571 VII.
1114 1512 1233 1571 Hic
1276 1510 1519 1591 quidem
1578 1511 1878 1571 funiculus
1947 1509 2094 1569 nihil
2153 1509 2434 1571 adtraxit.
2544 1508 2760 1569 PBt-r.

454 1607 707 1669 Hiccine
746 1616 841 1668 est
879 1596 1182 1685 improbus
1231 1604 1355 1673 ille,
1402 1624 1580 1684 quem
1624 1603 1778 1664 dixit
1817 1603 1990 1664 nobis
2037 1602 2422 1665 Clisthenes?
2477 1601 2625 1663 heus
2671 1611 2761 1673 tu,

453 1702 598 1781 quid
639 1710 699 1762 te
739 1697 1049 1761 occultas?
1136 1696 1391 1759 Immitte
1432 1696 1562 1775 ejus
1601 1697 1820 1757 collum
1861 1698 1922 1757 in
1967 1716 2244 1768 asserem,
2283 1696 2479 1766 lictor,
2521 1704 2582 1755 et
2621 1714 2760 1755 eum

453 1793 693 1873 adligat
746 1790 962 1853 deinde
986 1791 1085 1851 hic
1111 1789 1373 1851 locatum
1393 1789 1656 1861 custodi,
1683 1810 1795 1849 nec
1821 1807 2182 1869 quemquam
2211 1788 2288 1849 ad
2319 1808 2453 1849 eum
2477 1786 2762 1849 accedere

452 1886 620 1954 sine:
679 1885 787 1946 sed
814 1882 1115 1963 flagellum
1146 1894 1381 1953 teneus,
1410 1881 1598 1955 coede,
1631 1883 1681 1941 si
1711 1883 2034 1943 accesserit
2073 1882 2309 1962 aliquis.
2377 1882 2576 1947 Mur..
2621 1881 2763 1945 v11.

455 1978 555 2039 Sic
580 1977 791 2058 edepol
814 1987 971 2037 recte
988 1976 1188 2055 jubes.
1272 1973 1491 2035 Parum
1526 1973 1688 2035 enim
1725 1975 1952 2048 abfuit,
1993 1975 2140 2055 quin
2186 1974 2366 2036 modo
2407 1975 2570 2035 hune
2615 1974 2762 2037 mihi

410 2086 416 2095 “
452 2072 703 2149 eriperet
743 2078 1035 2129 veterator
1083 2066 1286 2128 nescio
1332 2067 1492 2145 quis.
1575 2068 1791 2128 Mnus.
1832 2068 1886 2126 Ο
1933 2068 2200 2149 Prytani,
2255 2071 2504 2131 obsecro
2553 2082 2612 2129 te
2654 2088 2762 2149 per

454 2160 743 2235 dextram,
783 2181 960 2241 quam
1020 2160 1179 2221 soles
1233 2177 1439 2219 cavam
1488 2160 1808 2239 porrigere,
1856 2179 2132 2221 nummos
2170 2161 2222 2221 si
2277 2162 2412 2241 quis
2460 2161 2762 2235 obtulerit,

452 2257 731 2337 exiguum
778 2241 951 2333 quid·
974 2252 1137 2324 mihi,
1194 2252 1465 2330 quamvis
1518 2252 1824 2325 morituro,
1875 2253 2250 2333 gratificare?
2333 2254 2546 2315 Par-r.
2597 2254 2760 2325 Quid

450 2348 556 2410 tibi
584 2346 893 2427 gratificer.
977 2345 1196 2405 Mnus.
1228 2342 1513 2402 Vestibus
1543 2342 1832 2405 nudatum
1880 2364 1974 2403 me
2012 2346 2158 2424 jube
2203 2356 2271 2407 ut
2313 2346 2486 2407 lictor
2534 2346 2764 2428 adliget

448 2441 658 2513 asseri,
688 2459 763 2499 ne
784 2437 1037 2499 crocotis
1068 2447 1129 2496 et
1152 2435 1337 2496 mitris
1360 2434 1608 2496 indutus
1635 2436 1722 2495 vir
1751 2456 1938 2497 senex
1979 2437 2160 2497 risum
2208 2441 2506 2519 praebeam
2543 2440 2760 2513 corvis,

452 2533 596 2594 dum
624 2552 727 2593 eos
748 2548 1014 2611 pascam.
1100 2527 1311 2588 Par-r.
1340 2528 1423 2587 At
1448 2548 1589 2590 vero
1616 2528 1784 2589 hisce
1812 2528 2082 2589 indutum
2139 2530 2386 2592 Senatui
2432 2532 2622 2593 visum
2663 2544 2762 2593 est

448 2636 511 2688 te
536 2623 729 2705 ligari,
765 2634 833 2681 ut
883 2620 1367 2702 praetereuntium
1416 2621 1670 2699 quilibet
1717 2620 1919 2683 videat
1965 2622 2280 2683 manifesto
2326 2624 2646 2685 scelestum
2695 2635 2760 2687 te

450 2737 606 2780 esse.
706 2715 925 2775 Mnus.
956 2714 1363 2795 Jappapaeax!
1414 2732 1453 2773 o
1493 2724 1753 2787 crocota,
1809 2714 1952 2794 quid
2007 2713 2148 2775 mihi
2198 2716 2445 2777 fecisti?
2495 2737 2614 2777 non
2663 2727 2762 2779 est

449 2811 703 2891 amplius
730 2828 869 2891 spes
904 2807 1031 2869 ulla
1078 2807 1311 2868 salutis.
1396 2808 1614 2869 Cnott.
1665 2808 1842 2887 Agite
1889 2828 2045 2869 nunc
2087 2806 2387 2883 ludamus,
2429 2810 2586 2871 sicut
2625 2831 2758 2873 mos

450 2905 551 2967 hic
574 2914 668 2965 est
690 2902 1057 2973 mulieribus,
1081 2900 1323 2981 quando
1350 2898 1691 2961 veneranda
1719 2900 1978 2962 Dearum
2007 2900 2172 2980 orgia
2199 2902 2366 2963 festis
2395 2903 2758 2985 temporibus

452 2998 845 3068 celebramus,
864 3014 1000 3074 qnae
1028 3004 1088 3055 et
1118 2992 1357 3053 Pauson
1379 2993 1608 3073 jejunio
1647 2994 1811 3063 colit,
1853 3012 2014 3073 saepe
2059 2994 2192 3053 illas
2237 3015 2478 3075 rogans,
2525 3006 2594 3057 ut
2637 2996 2758 3057 alio

452 3100 592 3171 post
612 3087 774 3149 aliud
820 3088 973 3149 festo
1015 3086 1158 3147 talia
1197 3105 1355 3146 curae
1406 3085 1527 3146 sint
1567 3086 1904 3166 frequenter
1949 3087 2080 3147 sibi.
2167 3088 2368 3167 lncipe
2415 3088 2762 3169 tripudiare,

454 3182 671 3244 incede
696 3180 900 3241 leviter
929 3180 1201 3260 pedibus,
1232 3198 1403 3239 move
1431 3188 1491 3239 te
1529 3180 1591 3237 in
1640 3180 1862 3251 orbern,
1909 3180 2110 3240 manui
2153 3180 2449 3262 conjunge
2493 3202 2760 3254 manum,

452 3274 779 3337 secundum
806 3272 1144 3353 rhythmum
1170 3272 1416 3333 choreae
1446 3272 1732 3352 quaslibet
1775 3271 2049 3334 incedat:
2104 3272 2414 3353 ingredere
2450 3276 2758 3337 velocibus

455 3366 732 3449 pedibus.
816 3366 1283 3449 circumspicere
1310 3385 1574 3446 quoque.
1621 3386 1856 3427 omnem
1899 3365 1962 3424 in
2006 3376 2234 3446 partem
2286 3368 2760 3431 circumferendo

455 3460 684 3532 oculos,
714 3469 951 3539 oportet
973 3459 1207 3519 choreae
1247 3461 1472 3521 orbem.
1555 3458 1745 3519 Simul
1795 3468 1858 3519 et
1903 3478 2094 3537 genus
2141 3460 2469 3525 coelestium
2507 3462 2754 3525 deorum

453 3572 603 3615 cane
632 3550 932 3632 quaelibet,
964 3562 1027 3611 et
1051 3552 1286 3613 celebra
1309 3571 1475 3623 voce,
1495 3552 1746 3613 choreas
1791 3572 1929 3612 curn
1977 3553 2136 3613 omni
2185 3552 2396 3615 loetitia
2437 3556 2760 3635 agitantes.

454 3644 521 3707 Si
540 3644 673 3725 quis
702 3652 903 3705 autem
924 3654 1125 3723 sperat
1150 3644 1600 3706 maledicturam
1622 3646 1684 3705 in
1719 3645 1940 3725 templo
1985 3666 2102 3719 me,
2151 3666 2290 3725 quoe
2337 3666 2470 3707 sum
2515 3648 2760 3721 femina,

448 3738 611 3810 viris,
634 3758 755 3799 non
785 3746 943 3797 recte
968 3737 1170 3797 sentit.
1217 3736 1337 3797 Sed
1360 3746 1610 3817 oportet,
1631 3738 1796 3798 velut
1823 3757 1942 3798 rem
1973 3759 2174 3803 rursus
2221 3760 2458 3813 novam,
2502 3742 2758 3819 primum

453 3830 799 3892 orbicularis
826 3828 1059 3889 choreae
1086 3830 1443 3890 concinnum
1471 3832 1833 3891 constituere
1851 3852 2142 3911 gressum.
2190 3832 2457 3895 Procede
2480 3834 2762 3915 pedibus,

450 3922 717 4005 pulchrae
742 3921 1043 3983 fidicinem
1071 3920 1217 4001 lyrae
1238 3942 1462 3984 canens
1494 3922 1695 3998 deum,
1723 3932 1787 3983 et
1807 3924 2130 4005 arcigeram
2168 3926 2446 4000 Dianam,
2489 3927 2758 4007 reginam

453 4028 709 4078 castam.
788 4014 985 4089 Salve,
1013 4034 1050 4074 o
1092 4014 1272 4096 longe
1318 4016 1621 4096 jaculans,
1673 4018 1872 4098 proebe
1927 4018 2102 4079 nobis
2156 4018 2483 4081 victoriam.
2563 4020 2760 4083 Junc-

452 4128 709 4188 nemque
737 4108 1079 4188 nuptiarum
1106 4108 1423 4188 presidem
1450 4110 1710 4171 carmine
1736 4110 2128 4185 celebremus,
2181 4121 2250 4172 ut
2291 4132 2402 4190 par
2447 4122 2562 4185 est,
2615 4132 2756 4193 que

456 4200 727 4263 omnibus
757 4202 815 4259 in
839 4199 1033 4261 choris
1060 4201 1232 4274 ludit,
1258 4212 1321 4262 et
1344 4202 1546 4263 claves
1584 4202 1922 4283 nuptiarum
1971 4215 2189 4265 servat.
2276 4204 2756 4284 Mercuriumque

454 4292 809 4377 pastoralem
831 4311 1054 4374 precor,
1077 4312 1213 4353 cum
1240 4293 1407 4353 Pane
1432 4306 1495 4355 et
1522 4296 1818 4377 Nymphis
1847 4294 2102 4370 dilectis,
2157 4309 2226 4356 ut
2265 4296 2536 4358 adrideat
2578 4298 2752 4359 nobis

452 4389 733 4468 benigne,
758 4386 975 4447 nostris
1005 4385 1275 4465 gaudens
1303 4388 1556 4449 choreis·
1641 4388 1878 4449 Extolle
1903 4390 2103 4469 itaque
2137 4390 2409 4451 alacriter
2449 4390 2752 4472 duplicem

455 4480 773 4563 complosis
814 4478 1084 4541 manibus
1122 4480 1519 4543 saltationem.
1605 4480 1930 4557 Ludamus,
1964 4502 2003 4543 o
2048 4482 2348 4557 mulieres,
2403 4484 2564 4547 sicut
2617 4500 2748 4545 mos
