3059 5059
411 326 492 397 64.
1153 315 1961 379 ARISTOPHANIS
2368 310 2731 397 [senff-525

413 452 530 513 ista
555 450 736 511 risum
761 458 1022 519 movent,
1042 449 1092 507 is
1125 448 1270 511 meis
1299 468 1376 509 ne
1404 448 1708 529 capiatur:
1752 446 1846 506 sin
1878 446 2022 507 meis
2056 445 2318 529 inventis.
2352 453 2414 507 et
2454 462 2549 503 me
2588 442 2731 522 ipso

407 541 868 613 delectabimini,
901 542 956 600 in
990 541 1250 603 futurum
1280 551 1514 621 tempus
1546 551 1703 601 recte
1732 558 1939 619 sapere
1964 538 2323 599 videbimini.
2368 538 2531 597 Sim.
2554 534 2731 597 Coelo

407 647 780 715 regnantem,
809 634 1040 713 diisque
1069 633 1761 715 imperantemmagnum
1800 632 2015 693 Jovem
2058 631 2257 691 Choro
2300 643 2366 694 ut
2404 632 2567 691 adsit
2607 627 2731 709 pri·

407 748 568 788 mum
595 729 856 789 invoco:
901 726 1117 787 deinde
1162 735 1591 807 praepotentern
1636 724 1907 785 tridentis
1948 724 2279 797 dominum,
2320 734 2609 803 terraeque
2663 729 2731 781 et

409 820 554 879 salsi
599 822 774 880 maris
827 810 1016 879 ferum
1059 830 1345 879 motorem
1373 837 1388 875 :
1443 831 1505 879 et
1558 818 2092 877 nominatissimum
2150 829 2375 898 patrem
2436 828 2729 889 nostrum,

410 910 710 971 AEtherem
754 910 1166 984 venerabilem,
1211 910 1524 971 nutricium
1571 911 1871 971 omnium:
1924 930 2332 989 equorumque
2374 910 2727 990 agitatorem

407 1004 597 1076 illum,
619 1006 718 1085 qui
748 1000 1086 1084 proelucidis
1117 1004 1297 1063 radiis
1329 1012 1592 1083 permeat
1620 1012 1813 1061 totum
1844 1014 2015 1064 terrae
2046 1003 2262 1075 solum,
2282 1022 2533 1081 magnus
2562 1000 2729 1081 apud

409 1098 556 1159 deos
605 1110 668 1159 et
709 1097 868 1179 apud
929 1096 1209 1156 mortales
1264 1095 1434 1156 deus.
1519 1095 1735 1155 Crroa.
1779 1095 1832 1153 O
1876 1095 2296 1175 sapientissimi
2336 1106 2731 1175 spectatores,

407 1188 524 1251 huc
553 1190 842 1250 advertite
875 1200 1154 1249 mentem.
1199 1190 1324 1248 Vos
1361 1186 1541 1259 enim,
1592 1208 1627 1245 a
1664 1188 1877 1265 quibus
1924 1206 2123 1267 passae
2173 1208 2381 1249 sumus
2428 1188 2729 1267 injuriam,

407 1283 604 1365 palam
635 1283 1001 1343 incusamus.
1045 1281 1200 1341 Nam
1229 1300 1410 1361 quum
1441 1299 1565 1359 proe
1592 1280 1803 1339 ceteris
1832 1279 1972 1339 ‘diis
2018 1280 2333 1360 plurimum
2380 1277 2727 1341 commode-

407 1394 540 1435 mus
570 1376 720 1447 urbi,
743 1374 914 1433 nobis
941 1386 1136 1434 tamen
1161 1372 1304 1433 solis
1335 1372 1595 1435 omnium
1628 1372 1869 1432 deorum
1900 1392 2011 1433 nec
2040 1372 2405 1443 sacrificatis,
2434 1392 2543 1431 nec
2575 1370 2730 1433 liba-

407 1466 510 1540 tis,
533 1486 669 1545 quae
712 1486 820 1527 vos
861 1485 1308 1527 conservamus.
1359 1466 1424 1525 Si
1463 1464 1619 1525 enim
1664 1465 1893 1544 absque
1937 1464 2062 1525 ullo
2094 1464 2325 1545 judicio
2367 1464 2726 1525 decernatur

408 1559 709 1639 expeditio
739 1559 958 1639 aliqua,
988 1570 1132 1619 tunc
1161 1570 1265 1619 aut
1291 1569 1593 1629 tonamus,
1618 1567 1722 1617 aut
1750 1556 2067 1618 stillamus.
2114 1556 2387 1637 Namque
2419 1555 2533 1615 diis
2574 1556 2726 1617 invi-

408 1672 540 1713 sum
565 1651 727 1713 illum
758 1652 1069 1713 coriarium
1095 1650 1541 1731 Paphlagonem
1582 1669 1763 1729 quum
1808 1648 2103 1729 eligeretis
2148 1648 2358 1709 ducem
2404 1648 2725 1721 exercitus,

407 1745 722 1825 supercilia
749 1745 1178 1829 contraximus,
1205 1754 1268 1802 et
1313 1742 1645 1823 indignata:
1676 1761 1905 1813 sumus,
1934 1742 2310 1821 tonitrusque
2350 1744 2545 1821 erupit
2580 1753 2723 1803 cum

406 1837 688 1898 fulmine:
735 1838 900 1897 Luna
929 1846 1128 1897 autem
1156 1836 1363 1896 solitas
1407 1835 1673 1896 deseruit
1712 1836 1861 1908 vias,
1903 1846 1965 1894 et
2006 1833 2133 1908 Sol,
2180 1833 2478 1915 ellychnio
2520 1834 2725 1893 statim

406 1931 464 1989 in
497 1950 563 1989 se
587 1940 918 2001 contract0,
951 1928 1189 2008 negavit
1218 1949 1282 1989 se
1325 1928 1522 1988 lucere
1565 1927 1740 2000 velle,
1786 1920 1839 1988 si
1880 1928 2025 1989 Cleo
2069 1926 2313 1989 duceret
2353 1926 2723 1987 exercitum:

405 2023 784 2083 nihilominus
811 2042 946 2082 eum
977 2020 1262 2101 elegistis.
1306 2022 1491 2080 Aiunt
1519 2019 1677 2081 enim
1706 2020 1859 2081 mala
1901 2020 2153 2081 consilia
2192 2039 2397 2100 capere
2438 2020 2594 2081 hanc
2634 2020 2725 2079 ci·

408 2117 646 2177 vitatem
673 2114 854 2175 solere
870 2134 894 2184 ‚·
934 2114 1041 2177 sed
1062 2134 1417 2195 quascunque
1449 2116 1859 2193 peccaveritis,
1904 2113 2013 2173 illa
2054 2112 2190 2175 deos
2230 2118 2297 2173 in
2336 2112 2542 2173 melius
2580 2130 2724 2173 cou-

406 2215 649 2269 vertere.
682 2208 806 2267 Ista
833 2226 973 2267 vero
999 2221 1120 2286 quo
1141 2218 1319 2287 pacto
1347 2204 1726 2279 convenient,
1756 2205 1929 2267 facile
1953 2226 2059 2266 vos
2091 2205 2473 2267 docebimus:
2505 2223 2721 2285 nempe

407 2300 460 2361 si
482 2288 798 2371 Cleonem,
817 2319 1090 2360 voracem
1122 2300 1291 2360 illum
1320 2299 1533 2371 larum,
1562 2297 1827 2359 sordium
1854 2310 1917 2359 et
1944 2298 2084 2359 furti
2122 2298 2494 2372 damnatum,
2525 2297 2723 2377 capis-

405 2393 722 2466 traveritis,
763 2391 1170 2472 cervicemque
1212 2392 1342 2473 ejus
1406 2411 1589 2451 nervo
1652 2391 2145 2465 constrinxeritis,
2190 2390 2251 2450 id
2296 2390 2346 2452 si
2403 2399 2721 2471 peccatum

405 2484 604 2557 fuerit,
633 2504 836 2545 rursus
865 2487 924 2545 in
954 2485 1267 2564 pristinum
1298 2485 1486 2556 vobis,
1513 2495 1695 2564 atque
1722 2485 1781 2544 in
1808 2484 2020 2545 melius
2051 2502 2143 2543 res
2174 2503 2247 2545 ea
2276 2482 2450 2545 cedet
2486 2481 2721 2563 reipub-

403 2577 561 2637 licee.
645 2577 808 2637 Sem.
855 2578 991 2639 Hu'c
1023 2578 1167 2639 ades
1199 2588 1260 2638 tu
1291 2596 1530 2658 quoque
1562 2576 1787 2637 Phoebe
1815 2597 1941 2649 rex,
1974 2577 2169 2649 Delie,
2211 2576 2447 2637 excelsa
2486 2574 2589 2657 qui
2631 2586 2724 2636 te-

407 2689 513 2729 nes
545 2668 823 2751 Cynthiae
852 2669 1012 2751 rupis
1043 2668 1355 2730 cacumina
1375 2690 1392 2738 :
1438 2682 1622 2751 tuque
1651 2671 1850 2743 beata,
1885 2690 2021 2749 quse
2066 2688 2302 2731 auream
2344 2668 2566 2751 Ephesi
2606 2666 2721 2727 do·

405 2780 562 2821 mum
603 2761 859 2835 habitas,
904 2762 960 2823 in
1005 2783 1127 2843 qua
1165 2763 1478 2842 magnifice
1520 2774 1581 2823 te
1624 2762 1834 2823 colunt
1875 2762 2173 2841 Lydorum
2225 2761 2480 2845 puellm:
2532 2770 2719 2841 tuque

405 2853 596 2935 patria
623 2865 828 2917 nostra
857 2854 995 2928 des,
1022 2853 1239 2936 AEgida
1266 2875 1401 2934 quae
1439 2854 1789 2927 moderaris,
1832 2855 1991 2916 urbis
2034 2875 2259 2936 praeses
2303 2854 2609 2914 Minerva:
2655 2864 2721 2914 et

406 2949 508 3029 qui
550 2948 896 3009 Parnasiam
936 2949 1213 3009 obtinens
1257 2960 1484 3029 petram
1526 2969 1661 3009 cum
1705 2948 1879 3008 taedis
1923 2948 2142 3028 fulges,
2188 2946 2511 3027 Delphicas
2564 2946 2721 3007 inter

407 3040 679 3102 Bacchas
728 3040 1211 3121 conspiciendus,
1252 3042 1662 3101 commissator
1710 3040 2001 3101 Bacchus.
2087 3041 2299 3101 Onon.
2349 3040 2547 3108 Quum
2602 3058 2717 3099 nos

407 3132 524 3195 huc
548 3134 970 3213 profectionem
1003 3133 1362 3207 moliremur,
1391 3134 1671 3215 convenit
1698 3154 1807 3193 nos
1840 3132 2031 3205 Luna,
2062 3132 2482 3211 mandavitque
2518 3130 2717 3205 nobis,

407 3236 475 3288 ut
504 3227 628 3287 suis
653 3228 848 3288 verbis
879 3227 1188 3307 plurimam
1235 3226 1699 3288 Atheniensibus
1741 3239 1802 3287 et
1843 3226 2023 3287 sociis
2065 3225 2394 3288 diceremus
2438 3224 2715 3285 salutem.

407 3320 541 3380 Hoc
583 3321 858 3401 primum.
903 3319 1136 3380 Deinde
1178 3320 1352 3381 irasci
1397 3340 1463 3381 se
1521 3320 1762 3382 aiebat:
1813 3320 2032 3381 etenim
2091 3321 2315 3381 atrocia
2370 3338 2717 3401 perpessam

405 3432 560 3484 esse,
589 3422 657 3470 ut
683 3432 818 3492 quae
845 3412 1012 3473 vobis
1041 3412 1314 3473 omnibus
1343 3412 1771 3487 commodaret,
1815 3434 1935 3475 non
1980 3414 2194 3489 verbis,
2238 3412 2345 3473 sed
2387 3433 2448 3473 re
2492 3412 2715 3493 palam.

403 3504 664 3566 Primum
695 3502 935 3583 quidem
966 3517 1111 3584 quot
1129 3506 1430 3566 mensibus
1459 3504 1623 3567 haud
1652 3505 1935 3567 drachma
1963 3507 2155 3565 minus
2182 3524 2293 3587 pro
2334 3506 2516 3581 taeda‚
2560 3505 2719 3567 adeo

403 3608 472 3656 ut
498 3594 702 3655 dicant
725 3615 932 3657 omnes
962 3597 1338 3677 egredientes
1369 3599 1598 3679 vesperi
1622 3618 1639 3659 :
1686 3600 1984 3679 Nesaccm
2012 3600 2208 3673 emita,
2226 3619 2404 3679 puer,
2432 3600 2713 3680 quoniam

405 3688 604 3749 Lunae
621 3688 880 3767 pulchra
901 3688 1004 3751 lux
1030 3698 1138 3750 est.
1182 3690 1434 3770 Aliaque
1455 3692 1744 3753 beneficia
1774 3712 1839 3753 se
1868 3691 2035 3752 vobis
2064 3702 2346 3771 proestare
2377 3691 2559 3753 dicit:
2602 3712 2716 3753 vos

403 3792 598 3842 tamen
631 3780 856 3843 dierum
887 3782 1176 3843 rationem
1205 3782 1421 3847 habere
1451 3803 1572 3843 non
1619 3797 1799 3858 recte,
1844 3804 2045 3843 verum
2089 3796 2310 3865 susque
2353 3782 2546 3863 deque
2590 3796 2718 3845 tur-

399 3876 581 3961 bare:
625 3874 776 3934 adeo
805 3887 866 3935 ut
915 3876 1273 3936 interminari
1318 3876 1426 3935 sibi
1470 3876 1616 3935 deos
1660 3875 1987 3951 identidem
2031 3877 2214 3949 dicat,
2256 3876 2500 3958 qnando
2540 3896 2719 3939 coena

397 3964 770 4040 fraudantur,
799 3980 862 4027 et
889 3970 1111 4029 abeunt
1135 3968 1376 4029 domum
1395 3988 1567 4031 sacra
1590 3988 1705 4030 non
1736 3968 1959 4049 adepti,
1990 3990 2127 4050 quoe
2154 3969 2300 4050 ipsis
2324 3969 2447 4031 fieri
2471 3968 2717 4031 debuis-

398 4070 534 4121 sent
551 4060 726 4140 juxta
754 4071 974 4121 statum
1004 4060 1229 4123 dierum
1255 4061 1555 4123 ordinem:
1588 4062 1804 4125 deinde
1836 4083 2021 4145 quum
2052 4061 2166 4123 diis
2198 4064 2427 4145 operari
2453 4072 2719 4143 oportet,

395 4174 503 4215 vos
533 4154 897 4234 quaestiones
921 4154 998 4214 de
1025 4155 1142 4216 reis
1171 4156 1402 4217 habetis
1432 4167 1491 4216 et
1511 4156 1741 4233 judicia
1770 4156 2097 4219 exercetis:
2126 4167 2336 4217 contra
2364 4174 2503 4217 vero
2527 4174 2719 4237 saepe,

398 4248 572 4308 nobis
601 4246 711 4306 diis
747 4246 976 4327 jejunia
1017 4248 1356 4329 agentibus,
1385 4249 1627 4328 quando
1656 4250 1929 4311 nimirum
1970 4250 2247 4331 lugemus
2290 4262 2393 4311 aut
2435 4250 2716 4310 Memno-

398 4361 530 4401 nem
558 4350 662 4401 aut
690 4338 1119 4427 Sarpedonem,
1162 4361 1268 4402 vos
1300 4341 1495 4402 libatis
1540 4353 1600 4402 et
1640 4342 1869 4405 ridetis.
1918 4344 2150 4405 Idcirco
2192 4343 2305 4404 hoc
2349 4362 2509 4403 anno
2549 4354 2717 4405 sorte

397 4434 580 4495 ducto
609 4432 686 4494 ad
716 4432 1223 4514 Amphictyonum
1253 4445 1611 4498 conventum
1629 4435 1841 4517 ,legato
1882 4438 2226 4527 Hyperbolo
2269 4458 2380 4501 nos
2417 4436 2499 4498 dii
2539 4456 2737 4521 coro-2
