3059 5059
486 355 599 415 ιιι
768 360 781 375 =
1240 352 2027 417 Aais‘roPnAle
2339 352 2784 431 [1148-——1‘214

476 489 696 566 pistore
717 486 911 557 hodie,
940 506 1119 567 neque
1144 484 1351 566 glebas
1358 484 1681 565 frangere,
1711 502 1888 565 qnam
1926 502 2076 564 ager
2117 485 2198 543 sit
2247 482 2498 544 uvidus.-
2538 490 2598 543 et
2621 502 2660 543 a
2705 500 2794 541 m

466 580 639 658 ferat
669 578 886 659 aliquis
915 580 1157 641 turdum
1182 586 1237 637 et
1249 578 1581 657 fringillas
1609 576 1778 639 duas.
1859 578 2018 639 Erat
2055 579 2234 637 eliam
2281 576 2590 638 recondita
2632 575 2792 637 domi

484 672 764 744 colostra,
789 680 843 731 et
876 672 1361 752 μαίων-[τηεψ
1387 673 1592 731 carnis
1639 670 1948 749 leporinae,
2000 672 2123 730 nisi
2167 670 2319 752 quid
2351 669 2590 731 illorum
2633 668 2796 729 abri-

478 766 627 843 puit
657 766 900 825 mustela
932 768 1189 847 vesperi:
1241 785 1379 825 sane
1407 764 1701 843 strepebat
1733 767 1902 823 intus
1941 766 2138 824 nescio
2179 764 2332 845 quid
2369 772 2428 824 et
2467 762 2796 825 tumultua-
2913 780 2921 789 ·

490 856 689 917 batur.
766 860 865 919 Ea·
892 860 1037 931 illis,
1068 862 1328 939 inquam,
1348 858 1584 937 frustis
1611 857 1723 934 ser
1765 858 1937 917 nobis
1987 860 2131 931 trio,
2166 878 2342 937 puer,
2393 866 2450 917 et
2498 876 2682 917 unum
2715 858 2798 919 do

479 953 657 1028 patri
678 971 697 1009 .·
738 952 1339 1035 myrtossrucliseros
1374 959 1508 1030 pete
1555 951 1632 1011 ab
1678 950 2088 1019 AEscha'nael05
2137 951 2440 1031 simulque,
2477 952 2672 1013 eadem
2705 959 2796 1011 est

489 1044 643 1102 enim
663 1045 779 1115 via,
813 1046 1197 1108 Chorinadem
1227 1046 1449 1125 aliquis
1469 1052 1648 1115 vocet,
1675 1051 1746 1103 ut
1765 1050 1936 1124 polet
1968 1045 2294 1115 nobiscum,
2339 1046 2476 1107 dum
2521 1046 2661 1105 bene
2689 1044 2801 1125 sa·

488 1136 595 1209 eit,
622 1146 683 1197 et
710 1140 1126 1201 incrementum
1148 1140 1256 1202 dat
1284 1138 1429 1200 deus
1440 1137 1762 1219 frugibus.
1849 1138 2014 1199 Seu.
2046 1137 2308 1207 Quando
2335 1137 2548 1199 cicada
2587 1147 2802 1199 cantat

489 1246 735 1289 suavem
754 1248 923 1293 snam
954 1232 1337 1306 cantilenam,
1365 1232 1538 1293 loetor
1565 1230 1894 1312 dispiciens
1919 1230 2192 1293 Lemnias
2220 1234 2393 1304 vites,
2423 1230 2639 1310 anjam
2667 1246 2800 1291 ma-

490 1330 830 1385 turescant:
880 1346 1019 1386 nam
1044 1326 1298 1387 fructum
1320 1344 1652 1407 praecocem
1691 1323 2072 1406 producunt:
2123 1322 2294 1385 loetor
2332 1325 2514 1385 etiam
2555 1323 2800 1384 intuens

488 1432 765 1495 grossum
786 1429 1247 1487 tumescentem;
1304 1417 1519 1479 deinde
1549 1438 1732 1498 quum
1775 1428 1872 1477 est
1897 1428 2188 1491 maturus,
2216 1415 2490 1489 comedo,
2531 1416 2802 1477 suavita-

492 1516 729 1588 temque
776 1511 1040 1591 exploro,
1094 1513 1389 1591 simulque
1438 1512 1614 1573 dico:
1661 1512 1892 1573 Amica·
1938 1512 2356 1592 tempestates!
2413 1520 2474 1569 et
2525 1508 2806 1569 nonnihil

492 1600 679 1681 thymi
705 1613 901 1666 terens
931 1606 1237 1668 misturam
1263 1606 1439 1667 bibo:
1482 1605 1702 1667 deinde
1743 1606 1822 1665 fio
1850 1606 2092 1686 pinguis
2119 1624 2194 1668 eo
2222 1604 2450 1666 oestatis
2489 1612 2801 1685 tempores

492 1692 607 1767 his,
636 1696 896 1777 inquam,
919 1697 1091 1760 laetor
1120 1700 1331 1780 magis,
1361 1720 1540 1779 quam
1567 1700 1616 1759 si
1657 1699 1892 1759 intuear
1917 1697 2032 1758 diis
2075 1698 2348 1759 odiosum
2389 1696 2800 1759 centurionem

492 1798 615 1848 tres
658 1793 869 1853 cristas
897 1793 1235 1867 habentem,
1264 1794 1694 1873 puniceamque
1714 1791 2092 1872 chlamydem
2129 1792 2348 1852 coloris
2389 1789 2806 1865 intensissimi,

494 1902 671 1960 qnam
700 1884 802 1943 ille
830 1886 1105 1945 tinctnroe
1134 1907 1267 1945 esse
1300 1888 1383 1943 ait
1412 1886 1830 1946 Sardianicoe:
1871 1886 1962 1944 sin
1995 1886 2148 1944 forte
2187 1886 2578 1965 pugnandum
2622 1885 2704 1945 sit
2747 1885 2806 1945 ei

496 1974 613 2033 ista
638 1977 853 2037 amicto
882 1976 1221 2058 chlamyde,
1247 1991 1388 2036 tnnc
1418 1976 1522 2035 illa
1552 1977 1802 2055 tingitur
1825 1978 2084 2038 tinctura
2107 1978 2495 2039 Merdianico
2514 1997 2536 2036 .·
2577 1976 2804 2039 deinde

492 2066 645 2147 sugit
664 2069 910 2147 primns,
940 2082 1221 2150 tanquam
1252 2069 1409 2129 celer
1434 2068 1798 2148 eqnigallus,
1833 2070 2045 2130 cristas
2087 2071 2479 2139 concutiens:
2533 2090 2648 2151 ego
2692 2084 2806 2133 an-

493 2172 613 2222 tem
644 2172 738 2222 sto
766 2164 913 2223 retia
938 2182 1205 2224 servans.
1291 2162 1551 2232 Quando
1593 2173 1792 2223 autem
1823 2162 1986 2221 dorni
2015 2176 2177 2235 sunt,
2221 2162 2610 2225 intolerabilia
2649 2164 2806 2225 saci.-

494 2266 625 2329 nnt,
646 2256 787 2316 dnm
808 2256 956 2317 alios
978 2256 1309 2317 inscribunt
1326 2255 1384 2315 in
1415 2255 1782 2336 catalogum,
1805 2254 1956 2315 alios
1978 2266 2196 2317 temere
2207 2256 2420 2339 *delent
2447 2256 2538 2316 bis
2563 2267 2664 2316 ant
2687 2266 2806 2318 ter.

494 2350 647 2409 Cras
676 2348 918 2428 quidem
947 2350 1233 2429 profectio
1262 2362 1387 2409 est:
1418 2347 1558 2409 hnic
1591 2367 1728 2409 vero
1757 2350 1924 2410 cibus
1953 2369 2072 2409 non
2103 2360 2196 2409 est
2227 2363 2455 2411 emtus:
2491 2350 2808 2413 nesciebat

495 2443 651 2503 enim'
680 2463 858 2523 quum
886 2442 1063 2503 domo
1092 2442 1471 2523 egrederetur
1500 2460 1566 2501 se
1598 2441 1825 2502 militioe
1853 2442 2216 2523 adscriptum
2257 2462 2432 2504 esse:
2475 2441 2692 2505 deinde
2719 2444 2808 2505 ad

495 2536 871 2597 simulacrum
901 2536 1228 2598 Pandionis
1258 2536 1623 2609 consistens,
1655 2554 1873 2597 nomen
1904 2554 2078 2596 snum
2108 2538 2165 2597 in
2192 2536 2468 2617 catalogo
2497 2535 2680 2610 videt,
2707 2536 2806 2596 in-

493 2648 723 2711 opsque
748 2629 956 2691 consili
982 2631 1163 2691 currit
1182 2630 1329 2691 flens
1358 2648 1576 2691 amare.
1659 2630 1784 2689 Ista
1813 2630 1985 2691 nobis
2015 2630 2242 2692 faciunt
2273 2629 2589 2711 agricolis:
2619 2631 2806 2691 urba-

494 2722 591 2783 nis
621 2742 756 2783 vero
784 2742 980 2796 secus,
1006 2722 1094 2783 illi
1124 2723 1240 2785 diis
1268 2722 1724 2803 hominibusque
1751 2721 1926 2783 invisi
1953 2743 2249 2784 armorum
2277 2724 2603 2805 abjectores
2627 2744 2644 2784 ε
2687 2744 2808 2805 pro

495 2816 714 2895 quibus
736 2836 943 2898 peenas
982 2816 1181 2878 adhuc
1225 2817 1454 2878 dabunt
1492 2816 1657 2888 mihi,
1703 2816 1754 2876 si
1791 2815 1942 2877 dens
1985 2818 2189 2879 volet:
2241 2817 2445 2879 multis
2494 2818 2650 2878 enim
2701 2836 2807 2879 me

492 2910 781 2972 laeserunt
804 2910 1053 2993 injuriis,
1080 2912 1183 2993 qni
1206 2909 1367 2975 domi
1394 2910 1636 2991 quidem
1663 2922 1807 2971 sunt
1827 2910 2057 2985 leones,
2091 2912 2150 2971 in
2183 2912 2311 2972 acie
2340 2920 2536 2972 antem
2565 2910 2808 2993 vulpes.

494 3002 711 3064 Taso.
741 3006 841 3065 Io!
886 3006 981 3066 io!
1012 3007 1255 3076 Quanta
1301 3003 1621 3065 multitudo
1673 3006 1832 3065 venit
1861 3003 1940 3065 ad
1983 3006 2282 3086 nuptiales
2331 3004 2576 3085 epulas!
2628 3005 2810 3086 Cape

498 3095 656 3156 hanc
684 3096 941 3174 galeam,
964 3109 1025 3158 et
1051 3100 1247 3159 cristis
1280 3118 1518 3158 mensas
1571 3097 1834 3179 deterge,
1893 3098 2185 3179 siquidem
2239 3097 2398 3159 illius
2455 3097 2654 3158 nullus
2703 3110 2808 3160 est

500 3207 647 3249 usus
672 3189 926 3269 amplius
954 3210 969 3251 t
1023 3190 1237 3252 deinde
1256 3192 1405 3251 infer
1426 3192 1735 3272 placentas
1765 3202 1828 3251 et
1856 3192 2086 3266 turdos,
2114 3192 2542 3274 plurimamque
2579 3192 2806 3273 lepori-

502 3302 637 3343 nam
662 3295 724 3343 et
751 3303 955 3362 panes.
1042 3285 1242 3346 Fam.
1264 3284 1381 3344 Ubi
1400 3285 1690 3366 Trygoeus
1719 3297 1834 3356 est,
1861 3286 1998 3347 ubi?
2081 3288 2300 3347 Tam.
2317 3286 2550 3345 andos
2579 3304 2806 3367 coquo.

502 3374 704 3436 Fine.
728 3378 784 3435 O
814 3378 1112 3439 carissime
1138 3378 1411 3459 Trygoee‚
1440 3390 1669 3460 quanta
1689 3380 1846 3438 bona
1877 3378 1934 3437 in
1959 3400 2072 3439 nos
2101 3379 2426 3451 contulisti,
2465 3398 2647 3459 quum
2689 3396 2806 3458 pa-

499 3490 629 3535 cem
661 3470 883 3533 fecisti!
940 3490 1076 3531 nam
1106 3471 1387 3533 antidhac
1409 3490 1582 3551 nemo
1611 3473 1855 3534 emisset
1882 3472 2088 3535 falcem
2136 3473 2231 3533 vel
2273 3474 2578 3533 tei-uncio:
2635 3490 2808 3534 nunc

500 3586 641 3627 vero
658 3586 760 3627 eas
788 3566 1225 3646 quinquagenis
1256 3565 1554 3627 drachmis
1592 3567 1830 3628 vendo:
1875 3567 1988 3627 iste
2031 3580 2228 3627 antem
2271 3566 2452 3627 ternis
2497 3566 2808 3627 drachmis

501 3660 685 3721 cados
714 3658 920 3721 vendit
945 3659 1004 3719 in
1034 3679 1231 3739 agros.
1316 3660 1458 3733 Sed,
1486 3680 1525 3720 o
1553 3660 1824 3740 Trygoee,
1853 3680 1986 3721 cum
2027 3680 2098 3721 ex
2143 3661 2392 3721 falcibus
2435 3681 2622 3730 sume,
2664 3670 2802 3721 tum

503 3755 753 3827 existis,
773 3751 1063 3834 quidquid
1089 3752 1279 3825 voles,
1302 3754 1546 3833 gratiis:
1594 3764 1654 3813 et
1695 3754 1863 3815 istaec
1906 3754 2132 3834 accipe.
2219 3756 2312 3814 Ex
2352 3754 2424 3815 iis
2461 3756 2618 3815 enim
2659 3774 2807 3834 que

502 3846 905 3919 vendidimus,
932 3858 995 3906 et
1022 3846 1181 3921 unde
1230 3848 1457 3909 lucrum
1508 3847 1776 3920 fecimus,
1823 3846 1983 3907 dona
2032 3846 2235 3909 haecce
2271 3848 2376 3909 tibi
2425 3848 2663 3908 ferimus
2711 3849 2804 3909 ad

506 3939 766 4020 nuptias.
849 3938 1066 4003 Tmro.
1096 3942 1271 4021 Agite
1296 3960 1461 4021 ergo,
1490 3940 1779 4020 depositis
1809 3941 1940 4001 istis
1969 3941 2132 4021 apud
2165 3960 2282 4013 me,
2311 3940 2686 4021 ingredimini
2713 3928 2804 4001 ad

502 4054 735 4095 coenam
790 4036 994 4095 ocius:
1052 4036 1267 4097 etenim
1324 4037 1435 4097 iste
1482 4053 1777 4095 armornm
1823 4035 2057 4095 institor
2105 4035 2340 4095 accedit
2391 4054 2552 4115 aeger
2593 4035 2808 4095 animi.

507 4130 697 4191 Cnis.
730 4126 844 4188 Hei
872 4127 1043 4189 mihi!
1074 4128 1344 4209 Trygaee,
1368 4148 1548 4209 quam
1571 4148 1664 4187 me
1697 4128 1962 4189 funditus
1985 4128 2341 4209 perdidisti?
2380 4127 2601 4188 Tanto.
2621 4126 2804 4213 ‚Quid

503 4244 643 4284 vero
672 4230 793 4291 est,
814 4220 1223 4283 infortunate?
1270 4242 1415 4282 num
1445 4222 1552 4282 tibi
1581 4222 1731 4281 sorte
1781 4222 1947 4282 dolet
1985 4230 2170 4302 caput
2205 4221 2398 4281 cristis
2443 4221 2810 4303 erumpenti-

504 4316 661 4377 bus?
722 4314 906 4375 Cius.
937 4314 1187 4377 Pessum
1216 4316 1437 4377 dedisti
1460 4334 1653 4376 meum
1685 4314 1982 4394 opificium
2011 4325 2075 4374 et
2111 4314 2353 4385 victum,
2381 4314 2692 4394 hujusque,
2737 4324 2808 4373 et

505 4410 677 4469 istius
706 4406 1008 4468 hastarum
1040 4409 1209 4470 fabri.
1250 4410 1466 4471 Tam.
1499 4406 1661 4477 Quid
1689 4408 1858 4487 preti,
1887 4410 2119 4480 amabo,
2145 4400 2372 4469 solvam
2402 4405 2508 4465 tibi
2535 4424 2645 4486 pro
2660 4406 2806 4467 istis
