3059 5059
442 368 558 429 194
1173 358 1963 423 Altls‘roPHAle
2373 366 2726 443 [aaa-3⁹³

436 494 747 557 tonstrinis
778 492 1198 566 desidentium,
1226 512 1359 555 eum
1380 503 1622 574 repente
1648 492 1870 553 factum
1897 512 2030 555 esse
2059 492 2321 555 divitem.
2389 495 2504 557 Est
2529 505 2726 559 autem

438 608 575 651 cum
600 587 713 649 hoc
738 589 933 666 ipsum
960 584 1311 659 mirandum,
1338 596 1463 649 tum
1492 585 1678 667 quod,
1705 604 1985 667 prospera
2013 596 2184 649 utens
2214 588 2474 660 fortuna,
2499 589 2726 651 amicos

437 681 705 745 arcessit.
788 681 923 741 Non
954 700 1099 741 sane
1128 681 1269 743 facit
1296 680 1410 742 hoc
1454 698 1562 760 pro
1610 691 1844 760 recepto
1891 679 1987 739 hic
2023 699 2204 743 more.
2287 681 2562 745 Cannu.
2603 680 2726 741 Sed

438 774 584 835 nihil
610 773 884 847 celando,
910 774 993 835 ita
1019 794 1111 835 me
1130 772 1211 833 dii
1235 784 1453 845 ament,
1480 772 1694 844 dicam,
1736 791 1778 833 o
1815 771 2212 854 Blepsideme.
2295 774 2512 837 Melius
2545 792 2726 853 quam

438 866 563 929 heri
611 868 917 928 nobiscum
958 887 1118 928 nunc
1160 866 1397 946 agitur:
1446 865 1718 944 adeoque
1755 866 2098 945 participem
2147 877 2202 929 te
2251 868 2376 927 fieri
2419 868 2727 939 bonorum,

440 959 585 1021 nibil
610 960 915 1040 prohibet:
971 980 1037 1021 es
1066 960 1223 1021 enim
1268 978 1423 1020 unus
1465 979 1542 1019 ex
1581 957 1806 1021 amicis.
1890 959 2090 1020 Bur.
2133 960 2363 1021 Vei-ene
2403 979 2470 1021 es
2511 959 2727 1029 sactus.

440 1053 527 1115 uti
572 1052 919 1131 praedicant,
970 1052 1181 1113 dives?
1287 1054 1560 1117 Cunna.
1607 1050 1772 1113 Fiam
1818 1051 2092 1131 equidem
2147 1063 2436 1125 actutum,
2481 1051 2534 1112 si
2581 1051 2727 1113 deus

440 1144 638 1207 volet:
688 1146 864 1217 inest,
893 1146 1045 1207 inest
1060 1146 1215 1207 enim
1240 1144 1562 1224 periculum
1601 1142 1906 1223 quidpiam
1947 1144 2008 1203 in
2058 1145 2174 1205 hoc
2219 1145 2478 1225 negotio.
2522 1144 2724 1205 Bur.

442 1237 679 1307 Quale?
762 1240 1033 1301 Cannu.
1056 1237 1309 1319 Rogas?
1352 1236 1554 1299 Bm».
1578 1237 1692 1298 Dic
1721 1237 1860 1310 cito,
1887 1236 2049 1317 quod
2077 1237 2274 1299 dicere
2303 1238 2412 1298 vis.
2456 1237 2730 1299 cusu.

444 1331 548 1403 Ut,
578 1330 629 1393 si
650 1352 782 1393 rem
820 1331 993 1392 istam
1033 1351 1107 1392 ex
1156 1330 1449 1391 sententia
1494 1348 1790 1408 geramus,
1835 1329 2020 1391 simus
2077 1342 2361 1411 perpetuo
2413 1332 2732 1392 fortunati:

444 1423 537 1484 sin
586 1423 811 1504 aliquid
868 1424 1041 1484 fuerit
1094 1422 1407 1495 offensum,
1458 1434 1526 1482 ut
1577 1421 1844 1483 funditus
1895 1442 2224 1503 pereamus.
2337 1424 2536 1485 Bur.
2567 1422 2733 1485 Mala

440 1536 635 1579 merce
680 1516 822 1577 mihi
870 1516 1086 1577 videris
1134 1525 1421 1583 onustus;
1480 1534 1594 1575 nec
1639 1515 1776 1575 mihi
1816 1517 1967 1577 istuc
2009 1515 2226 1596 placet.
2335 1517 2487 1577 Nam
2541 1516 2736 1579 subito

440 1612 528 1671 sic
570 1610 742 1671 ditari
790 1609 987 1682 nimis,
1016 1621 1079 1670 et
1124 1628 1326 1669 rursus
1366 1609 1426 1668 in
1469 1619 1628 1668 metu
1657 1628 1812 1681 esse,
1840 1608 2093 1669 hominis
2143 1621 2237 1671 est
2263 1610 2365 1689 qui
2409 1608 2554 1669 nihil
2595 1609 2734 1670 boni

440 1705 717 1784 patravit.
830 1704 1101 1763 Carum.
1174 1700 1688 1770 Quemadmodum
1742 1700 1890 1762 nihil
1957 1702 2141 1763 boni?
2249 1704 2446 1766 Bur.
2514 1702 2580 1763 Si
2643 1704 2734 1765 ni·

442 1797 651 1858 mirum
694 1796 997 1877 quidpiam
1050 1796 1279 1856 furatus
1328 1793 1467 1854 inde
1519 1795 1708 1867 venis,
1747 1805 1852 1854 aut
1905 1806 2212 1875 argentum
2263 1809 2368 1855 aut
2404 1814 2612 1856 aurum
2655 1798 2732 1856 ab

441 1890 740 1970 Apolline,
786 1898 849 1949 et
892 1907 1050 1948 nunc
1096 1888 1244 1949 forte
1292 1888 1432 1947 facti
1476 1896 1534 1947 te
1577 1887 1835 1967 poenitet.
1941 1890 2214 1949 Cnazu.
2258 1888 2374 1949 Pro
2417 1908 2734 1949 aven-unce

440 1982 693 2062 Apollo!
763 1980 922 2043 haud
970 1980 1245 2060 equidem
1297 1978 1515 2041 hercle.
1621 1980 1818 2041 Base.
1880 1981 2104 2041 Desine
2160 1981 2391 2061 nugari,
2443 2000 2481 2041 o
2544 1982 2741 2049 boncz

440 2075 578 2137 novi
604 2075 759 2135 enim
788 2072 965 2135 clare.
1052 2075 1323 2135 Cannu.
1365 2073 1596 2134 Nolito
1637 2074 1952 2152 quicquam
1997 2074 2116 2135 tale
2158 2072 2234 2135 dc
2280 2092 2374 2135 me
2421 2074 2732 2155 suspicari.

440 2167 638 2229 Bmu’.
683 2166 856 2227 Heu!
912 2186 1089 2245 quam
1112 2166 1257 2225 nibil
1296 2166 1533 2227 omnino
1581 2168 1710 2225 sani
1751 2177 1844 2225 est
1889 2167 2048 2245 apud
2097 2171 2488 2245 quemquam!
2533 2186 2732 2229 verum

442 2276 651 2321 omnes
680 2258 757 2319 ad
786 2280 971 2319 unum
1012 2259 1275 2320 serviunt
1315 2260 1501 2321 lucro.
1589 2260 1861 2320 Cannu.
1907 2259 2022 2319 Per
2067 2260 2342 2319 Cererem
2385 2258 2540 2319 haud
2585 2278 2738 2320 sana

440 2364 639 2415 mente
666 2352 807 2413 mihi
836 2373 967 2413 esse
1010 2352 1245 2413 videris.
1330 2352 1533 2413 Bur.
1579 2353 1772 2421 Quam
1817 2351 2066 2412 multum
2111 2352 2356 2413 recessit
2395 2371 2434 2411 a
2475 2351 2734 2432 pristinis

442 2446 739 2507 moribus!
822 2445 1094 2505 Cnaau.
1140 2445 1227 2507 Mi
1268 2444 1467 2517 homo,
1494 2455 1554 2505 te
1582 2456 1740 2507 certe
1781 2458 1908 2505 atra
1945 2444 2076 2505 bilis
2123 2444 2328 2524 agitat.
2413 2444 2611 2506 Bur.
2653 2446 2738 2505 At

442 2558 637 2619 neque
659 2539 823 2599 vultu
852 2552 946 2598 est
974 2539 1117 2599 satis
1146 2538 1476 2620 composito
1504 2550 1565 2597 et
1592 2537 1827 2618 quieto:
1886 2536 1992 2597 sed
2022 2547 2082 2597 et
2119 2537 2170 2597 is
2212 2537 2432 2598 indicio
2469 2548 2561 2597 est
2595 2556 2734 2597 eum

444 2629 667 2711 aliquid
696 2630 834 2691 mali
861 2642 1256 2711 perpetrasse.
1344 2632 1614 2692 Cnazn.
1660 2632 1750 2691 Tu
1779 2630 2016 2710 quidem
2053 2629 2195 2710 quid
2241 2632 2515 2704 blateres,
2561 2632 2734 2691 novi:

443 2743 679 2805 nempe,
726 2724 895 2804 quasi
947 2744 1060 2805 ego
1106 2724 1410 2805 quidpiam
1460 2724 1690 2785 furatus
1746 2724 1975 2796 fuerim,
2026 2723 2194 2803 cupis
2251 2725 2543 2805 particeps
2589 2723 2738 2784 fieri.

444 2816 644 2880 Blae.
690 2816 994 2898 Particeps
1045 2818 1169 2878 fieri
1217 2817 1435 2899 cupio?
1492 2815 1846 2898 cujusnam?
1927 2818 2198 2878 Cannu.
2240 2818 2321 2876 At
2365 2836 2478 2877 non
2531 2818 2616 2877 ita
2669 2836 2736 2879 sc

442 2930 537 2971 res
563 2912 695 2973 haec
719 2911 936 2971 habet:
988 2910 1097 2971 sed
1120 2909 1287 2971 aliter
1314 2912 1509 2990 longe.
1598 2910 1801 2971 Bur.
1847 2910 2006 2971 Num
2034 2910 2091 2968 vi
2119 2909 2366 2989 aliquid,
2395 2929 2514 2969 non
2555 2909 2734 2983 furto,

442 3003 783 3065 abstulisti?
868 3004 1139 3064 Curiam.
1184 3004 1387 3064 Larvae
1434 3015 1492 3065 te
1541 3023 1611 3063 ac
1666 3002 2026 3082 intemperiae
2081 3005 2330 3081 agitant.
2415 3003 2610 3063 Buri».
2653 3002 2740 3063 At

444 3114 584 3157 vero
613 3115 722 3155 nec
747 3096 1019 3175 cuiquam
1052 3097 1329 3157 damnum
1361 3096 1600 3157 fecisti?
1683 3098 1952 3156 Cannu.
1999 3096 2130 3157 Non
2152 3108 2307 3157 certe
2335 3115 2469 3175 ego.
2531 3096 2736 3157 Bur.

447 3188 501 3246 Ο
527 3186 849 3249 Hercules!
908 3208 1039 3267 age,
1060 3208 1316 3269 quonam
1347 3188 1522 3268 igitur
1549 3190 1683 3268 quis
1709 3208 1774 3249 se
1807 3187 2034 3249 vertat?
2076 3209 2214 3247 nam
2241 3209 2442 3251 verum
2483 3209 2599 3249 non
2645 3190 2737 3251 vis

341 3338 353 3351 ,
442 3280 635 3342 fateri.
719 3282 991 3341 Cris-sm.
1038 3282 1301 3343 Accusas
1329 3282 1505 3353 enim,
1535 3281 1697 3361 prius
1727 3300 1902 3361 quam
1933 3301 2054 3341 rem
2083 3283 2452 3361 cognoveris.
2529 3282 2733 3343 Bur.

448 3373 503 3432 Ο
528 3374 735 3444 amice,
761 3372 874 3432 hoc
901 3374 1005 3432 tibi
1033 3376 1333 3453 negotium
1381 3375 1595 3452 exiguo
1649 3372 1969 3433 admodum
2016 3387 2210 3435 sumtu
2255 3376 2391 3435 volo
2434 3376 2734 3456 expedire,

441 3465 783 3544 priusquam
806 3466 1181 3525 audiantista
1206 3466 1389 3536 cives,
1410 3486 1479 3525 os
1507 3478 1806 3526 oratorum
1832 3467 2085 3528 nummis
2109 3469 2414 3531 obturans.
2459 3469 2733 3530 Cannu.

445 3558 783 3638 Et.quidem
808 3557 1029 3631 hercle,
1058 3570 1125 3620 ut
1150 3559 1288 3619 mihi
1316 3558 1554 3630 videris,
1585 3560 1768 3619 tribus
1795 3558 1951 3619 hanc
1973 3560 2028 3618 in
2064 3580 2186 3619 rem
2216 3561 2494 3641 impensis
2533 3562 2736 3633 minis,

444 3650 801 3711 familiariter
854 3650 993 3711 mihi
1042 3651 1354 3713 duodecim
1411 3652 1750 3730 imputares,
1836 3651 2037 3713 Bam».
2081 3653 2271 3713 Video
2321 3654 2736 3716 nonneminem

445 3742 549 3823 qui
589 3743 665 3803 ad
701 3744 954 3804 tribunal
997 3744 1246 3815 sedebit,
1298 3757 1359 3804 et
1414 3743 1661 3825 supplex
1712 3744 1883 3805 olivae
1939 3765 2162 3806 ramum
2211 3748 2540 3826 protendet,
2595 3766 2736 3809 cum

444 3835 643 3897 liberis
666 3846 726 3897 et
769 3856 985 3916 uxore:
1038 3838 1138 3918 qui
1180 3857 1421 3918 prorsus
1471 3857 1592 3897 non
1644 3837 1874 3898 differet
1926 3840 2242 3918 quicquam
2283 3842 2358 3901 ab
2401 3839 2738 3901 Heraclidis

446 3926 759 4007 Pamphili.
842 3931 1113 3991 Culum.
1174 3932 1384 4011 Apage
1432 3931 1622 4005 istaec,
1667 3931 1913 3991 insane:
1971 3934 2131 3993 solos
2181 3933 2332 3993 enim
2391 3936 2627 4013 probos,
2671 3946 2738 3997 et

442 4020 696 4101 lepidos,
726 4032 785 4082 et
812 4024 1114 4083 modestos
1144 4042 1279 4083 mox
1307 4023 1519 4084 divites
1550 4022 1816 4085 reddam.
1901 4025 2098 4085 Bur.
2142 4026 2301 4094 Quid
2342 4028 2428 4089 ais
2453 4028 2479 4089 2
2506 4026 2742 4089 adeona

444 4113 632 4174 multa
673 4116 899 4177 furatus
954 4116 1060 4175 es?
1144 4116 1417 4179 Cusum.
1461 4117 1626 4179 Vah!
1677 4127 1744 4177 tu
1799 4117 1924 4179 istis
1981 4121 2508 4182 commemorandis
2563 4120 2738 4181 malis

444 4226 539 4267 me
558 4207 791 4287 perdes.
874 4209 1070 4269 BLar.
1113 4208 1199 4268 Tu
1238 4209 1481 4290 quidem
1520 4223 1579 4272 te
1616 4212 1830 4289 ipsum,
1859 4223 1928 4273 ut
1969 4213 2108 4273 mihi
2138 4213 2373 4275 videris.
2459 4216 2736 4275 Cannu.

448 4299 583 4359 Non
612 4301 915 4381 equidem:
950 4301 1228 4381 quoniam
1258 4302 1519 4377 Plutum,
1542 4323 1579 4364 o
1601 4303 1802 4378 stulte,
1823 4304 2042 4367 haben.
2095 4307 2294 4367 Bur.
2325 4308 2414 4369 Tu
2445 4306 2688 4369 Plutum
2710 4306 2740 4367 ἒ

446 4392 818 4459 Quemnam?
900 4394 1169 4455 Girumu.
1203 4397 1403 4477 Ipsum
1432 4396 1631 4459 deum.
1673 4398 1874 4460 Bar-21².
1907 4400 1985 4459 Et
2009 4399 2248 4459 ubinam
2277 4400 2416 4461 est?
2457 4400 2736 4461 Cannu.

446 4484 634 4547 laturi.
720 4486 913 4559 Bur.
963 4488 1119 4549 Ubi?
1202 4490 1474 4555 Cannu.
1516 4492 1694 4572 Apud
1723 4514 1836 4555 me.
1881 4493 2078 4553 Bur.
2107 4493 2284 4573 Apud
2313 4493 2415 4553 te?
2459 4494 2734 4555 Gnaeu-
