3059 5059
881 821 2140 954 ACHARNENSE&

975 1225 1499 1336 DRAMATis
1550 1267 2056 1336 PERSONAE.

515 1425 972 1490 Drcxoroms.
1684 1430 2081 1492 Lauacuus.

511 1518 778 1582 Pnaeco.
1687 1522 2161 1582 MsoAnnnsrs.

511 1612 1008 1674 Auem-rusus.
1586 1693 1595 1700 .
1692 1613 1979 1676 Ρυειιε.
2010 1612 2175 1674 Filiae
2195 1612 2593 1692 Megareusis..·

511 1704 769 1766 Laos-rr
799 1705 1224 1770 Athenienses.
1255 1757 1262 1762 .
1682 1707 2171 1768 Sir-cornuum.

513 1794 1084 1860 Pszumnunas.
1684 1799 1985 1862 Bato-rus.

465 1882 477 1888 “
515 1887 866 1952 Tnzoaus.
1680 1893 2107 1954 Nxcsncnus.

513 1979 794 2044 Cnonus
825 1983 1324 2046 Acharnensium.
1686 1987 2014 2046 FAuunus
2046 1979 2345 2044 Lamachi.

521 2073 702 2134 Uxon
731 2075 1187 2156 Dicaeopolidis.
1688 2078 2065 2138 AcnrcoLA.

515 2166 714 2228 Fun
750 2168 1204 2252 Dicaeopolidis.
1688 2170 2247 2234 Pinlnxurnus.

517 2261 980 2327 Cnrfflsornm
1694 2265 1979 2326 Nun'rn.

514 2355 920 2420 Eunxmnns.

1253 2501 1258 2508 .
1387 2435 1647 2518 [1—28]

351 2553 536 2628 Dxc.
577 2567 772 2635 Quam
801 2567 992 2630 multa
1031 2580 1196 2644 sunt,
1241 2588 1377 2648 quse
1433 2569 1579 2630 mihi
1618 2587 1719 2644 cor
1762 2567 2239 2630 momorderunt!
2328 2565 2483 2633 Quoe
2532 2585 2677 2631 vero

347 2679 448 2720 me
499 2658 896 2733 delectarunt,
941 2681 1160 2740 pauca,
1227 2681 1551 2742 perpauca,
1604 2671 1861 2740 quatuor
1914 2662 2176 2724 omnino.
2262 2659 2341 2718 At
2398 2679 2535 2738 quse
2580 2679 2677 2722 me

342 2751 708 2823 cruciarunt,
725 2763 816 2812 tot
843 2766 1004 2826 sunt,
1026 2766 1174 2834 quot
1201 2754 1342 2814 litus
1367 2765 1683 2827 arenas,et
1703 2765 1853 2834 quot
1872 2749 2145 2834 Gargara
2166 2763 2403 2831 segetes
2426 2752 2673 2821 habent,

347 2847 480 2925 Age
512 2843 764 2917 videam,
813 2846 958 2924 quid
1007 2867 1106 2910 me
1145 2847 1490 2921 delectavit,
1540 2850 1619 2908 ob
1667 2847 1831 2927 quod
1884 2849 2095 2910 merito
2150 2845 2399 2925 gavisus
2440 2845 2675 2908 fuerim.

347 2940 490 3000 Scio
515 2937 814 3018 equidem,
843 2959 1104 3017 quanam
1157 2960 1220 3000 re
1267 2941 1398 3002 visa
1442 2961 1547 3000 cor
1586 2959 1783 3000 meum
1824 2940 2079 3000 maxime
2118 2938 2511 2998 exhilaratum
2540 2937 2676 3013 suit,

347 3029 468 3091 illis
497 3031 772 3090 nimirum
801 3031 1070 3112 quinque
1098 3033 1364 3106 talentis,
1395 3048 1547 3110 ‚quae
1578 3032 1728 3092 Cleo
1770 3032 2051 3093 evomuit.
2138 3030 2381 3099 Quanto
2408 3031 2487 3090 ob
2515 3030 2675 3098 hanc

347 3144 476 3186 rem
505 3124 806 3184 delibutus
854 3123 938 3184 sui
989 3125 1249 3204 gaudio!
1299 3135 1364 3186 et
1405 3124 1654 3202 Equites
1698 3123 1913 3186 deamo
1956 3125 2035 3186 ob
2082 3125 2238 3184 istuc
2283 3123 2527 3196 factum,
2555 3143 2677 3202 quo

346 3217 594 3296 quidem
643 3215 880 3276 Groecia
922 3217 1166 3297 juvatur
1221 3217 1438 3280 omnis.
1522 3217 1647 3280 Sed
1704 3228 1916 3280 contra
1964 3217 2129 3278 aliud
2174 3235 2269 3276 me
2316 3215 2680 3280 excruciavit

351 3310 556 3383 animi,
599 3309 892 3390 tragicum
943 3309 1254 3388 quiddam,
1298 3331 1508 3391 quum,
1552 3321 1871 3391 postquam
1912 3309 2139 3371 dudum
2184 3327 2285 3370 ore
2332 3307 2535 3370 hiante
2572 3328 2677 3370 ex·-

345 3412 720 3481 spectassem
746 3402 1118 3485 AEschylum,
1145 3425 1344 3486 praeco
1387 3403 1510 3464 alta
1552 3423 1695 3466 voce
1726 3403 1907 3464 dixit:
1958 3401 2267 3474 Introduc,
2293 3422 2327 3462 o
2354 3401 2677 3482 Theognis,

351 3502 524 3556 tum
551 3495 810 3558 chorum.
893 3496 1090 3565 Quam
1118 3499 1292 3560 valde
1322 3508 1502 3578 putas
1544 3497 1605 3557 id
1634 3516 1831 3558 meum
1860 3515 1963 3558 cor
1989 3494 2417 3556 concussisse?
2460 3495 2565 3555 sed
2597 3497 2675 3560 ob
2726 3539 2749 3560 ι

347 3587 522 3650 aliud
571 3589 860 3667 quiddam
903 3589 1232 3670 aliquando
1278 3589 1613 3654 delectatus
1656 3591 1763 3662 fui,
1791 3609 1974 3670 quum
2006 3588 2339 3650 Dexitheus
2368 3590 2675 3668 ingressus

343 3694 446 3742 est
470 3681 664 3742 vitulo
703 3692 1060 3759 certaturus,
1089 3683 1424 3765 fidibusque
1463 3692 1810 3744 cantaturus
1864 3683 2177 3744 Boeotium.
2264 3680 2345 3740 At
2371 3679 2487 3742 hoc
2516 3699 2675 3745 anno

345 3774 538 3837 tedio
576 3783 824 3840 enectus
865 3775 972 3848 fui,
1016 3787 1079 3838 et
1125 3777 1264 3838 mihi
1307 3777 1549 3840 distorsi
1576 3777 1817 3848 collum,
1844 3795 2029 3857 quum
2068 3774 2289 3854 prodiit
2331 3772 2583 3844 Chaeris,
2610 3785 2681 3836 ut

345 3865 634 3928 Orthinm
659 3866 900 3930 modum
931 3871 1078 3932 tibia
1101 3883 1368 3934 caneret.
1450 3871 1673 3932 Verum
1700 3890 1777 3930 ex
1802 3888 1925 3951 quo
1972 3870 2035 3930 in
2070 3868 2319 3930 balineis
2347 3886 2443 3928 me
2486 3866 2678 3931 sordi·

345 3961 469 4023 bus
493 3962 738 4041 purgari
766 3980 936 4035 curo,
977 3983 1287 4046 nunquam⁴
1317 3964 1633 4046 supercilia
1658 3982 1793 4024 mea
1822 3965 1909 4026 sic
1937 3961 2257 4025 momordit
2301 3960 2588 4035 lixivium,
2608 3970 2679 4026 ut

349 4072 544 4126 nunc,
572 4074 754 4134 quum
782 4065 1050 4136 tempore
1099 4057 1384 4138 legitimae
1423 4057 1731 4118 concionis
1759 4058 2089 4131 matutinae,
2116 4055 2353 4117 deserta
2376 4068 2473 4116 est
2500 4057 2677 4137 Pnyx

343 4145 580 4210 haecce.
639 4147 722 4207 At
747 4146 834 4207 illi
863 4151 1328 4214 confabulantur
1355 4152 1416 4212 iu
1445 4151 1595 4225 foro,
1626 4162 1685 4212 et
1712 4171 1947 4212 sursum
1977 4149 2255 4210 deorsum
2280 4149 2547 4230 fugitant
2573 4171 2675 4212 ru-

345 4239 518 4300 brica
545 4240 796 4300 tinctum
826 4240 1049 4306 sunem.
1137 4246 1268 4308 Nec
1298 4244 1593 4326 Prytanes
1639 4244 1907 4323 veniunt.
1991 4242 2114 4304 Sed
2142 4242 2241 4302 ubi
2269 4242 2511 4306 tandem
2540 4261 2677 4313 sero

346 4329 721 4408 advenerint,
773 4341 898 4402 tum
947 4337 1158 4398 mirum
1210 4340 1270 4399 iu
1321 4337 1565 4400 modum
1604 4355 1739 4400 sese
1780 4335 2033 4398 invicem
2070 4335 2329 4404 trudent,
2358 4334 2675 4396 confestim

341 4423 726 4505 ingruentes,
779 4443 1228 4506 concurrentes,
1279 4441 1731 4511 certantesque,
1755 4430 1832 4492 de
1887 4431 2077 4510 primo
2134 4427 2439 4490 subsellio.
2544 4425 2677 4491 Pax·

337 4527 546 4582 autem
591 4541 714 4602 quo
755 4533 936 4602 pacto
992 4523 1118 4600 flat,
1163 4525 1310 4588 nihil
1359 4524 1535 4608 pensi
1582 4525 1839 4588 habent:
1883 4544 1920 4587 o
1948 4523 2133 4600 cives,
2158 4522 2361 4584 cives!
2448 4519 2531 4580 At
2556 4537 2675 4602 ego

507 4614 709 4675 Arist.
741 4613 888 4678 Lat.
2166 4609 2175 4616 ’
2460 4614 2517 4676 A
