3059 5059
412 355 527 433 110
1166 347 1950 425 ARISTOPHANIS
2355 347 2714 430 [886—950

403 486 607 548 bendo
630 482 867 560 hauriet
892 481 1145 544 irruens.
1227 480 1505 562 Agedum
1535 493 1601 543 tu
1629 481 1866 562 depone
1891 481 2054 561 prius
2079 479 2236 542 hauc
2279 477 2706 560 supellectilem

403 580 590 657 humi.
674 578 955 652 Senatus,
978 595 1207 656 vosque
1242 573 1560 656 Prytanes,
1595 573 1792 636 videte
1835 573 1992 634 hanc
2033 573 2384 636 Tbeoriam:
2437 581 2708 652 spectate

405 683 633 754 quanta
648 670 809 731 bona
838 670 1005 731 vobis
1033 669 1309 730 adferens
1340 666 1594 740 tradam,
1623 668 1708 728 ita
1727 677 1794 729 ut
1819 668 2018 728 statim
2036 667 2280 748 possitis
2319 666 2707 727 sustollentes

402 785 581 828 crura
607 762 789 844 hujus
817 762 876 821 in
908 762 1159 824 sublime
1188 772 1423 843 patrare
1452 780 1643 821 sacra.
1730 760 1978 822 Hancce
2005 761 2266 822 culinam
2293 761 2506 836 videte·
2525 779 2706 840 quam

404 860 480 920 sit
500 856 787 938 pulchra:
819 866 1132 936 propterea
1158 855 1335 916 etiam
1366 853 1613 934 fuligine
1639 853 1808 932 nigra
1829 863 1958 913 est:
2021 854 2156 914 istic
2177 853 2356 926 enim,
2385 861 2706 931 antequam

400 951 627 1014 bellum
646 949 919 1022 oriretur,
946 949 1192 1010 Senatui
1212 949 1351 1010 olloe
1380 949 1620 1008 stabant
1649 946 1814 1006 olim.
1879 945 2116 1008 Deinde
2144 965 2277 1007 cras
2301 945 2503 1006 statim
2533 945 2704 1005 nobis

399 1045 559 1106 hanc
581 1043 937 1104 habentibus
965 1043 1290 1104 certamina
1311 1041 1511 1102 licebit
1541 1039 1847 1100 instituere
1877 1039 2292 1119 pulcherrima,
2319 1039 2484 1098 humi
2509 1037 2700 1100 lucta-

398 1138 472 1212 ri,
500 1135 953 1218 quadrupedum
983 1136 1043 1195 in
1064 1155 1283 1196 morem
1314 1145 1495 1205 stare,
1517 1133 1836 1214 unctisque
1867 1133 1978 1194 ritu
2010 1134 2318 1212 pancratio
2349 1131 2708 1194 certantium

398 1227 641 1292 strenue
670 1229 863 1304 ferire,
890 1227 1174 1302 fodicare,
1203 1227 1379 1288 simul
1407 1227 1629 1307 pugnis
1659 1237 1720 1286 et
1747 1246 1924 1306 pene.
2010 1227 2158 1288 Post
2183 1237 2381 1288 autem
2405 1226 2581 1288 tertia
2608 1225 2706 1286 die

396 1338 609 1386 cursus
637 1339 945 1404 equestres
987 1321 1331 1392 instituetis,
1375 1322 1474 1381 ubi
1521 1319 1855 1400 singulatur
1896 1320 2320 1400 singulatur-em
2365 1330 2708 1400 proevertet‚

398 1437 725 1497 currusque
752 1433 929 1494 super
957 1413 1223 1474 curribus
1254 1413 1446 1473 eversi
1472 1413 1688 1473 flantes
1717 1425 1780 1474 et
1807 1413 2102 1518 spirantes
2133 1412 2354 1474 mutuis
2377 1413 2704 1474 movebun-

398 1521 495 1574 tur
524 1509 949 1570 succussibus:
1006 1506 1107 1566 alii
1135 1516 1335 1567 autem
1350 1506 1640 1586 jacebunt
1668 1507 1904 1567 recutiti
1931 1507 2156 1587 aurigoe
2186 1505 2338 1586 lapsi
2377 1507 2538 1567 circa
2575 1526 2702 1566 me-

396 1611 543 1678 tam.
629 1601 775 1676 Sed,
818 1621 855 1661 o
896 1599 1213 1680 Prytanes,
1257 1600 1509 1682 accipite
1551 1599 1887 1661 Theoriam.
1974 1599 2153 1672 Hem,
2195 1619 2376 1703 quam
2433 1598 2704 1661 lubenter

320 1723 328 1732 ·
401 1695 695 1766 adsumsit
722 1713 855 1756 eam
881 1693 993 1755 iste
1021 1693 1297 1774 Prytanis
1320 1699 1344 1752 l
1394 1705 1457 1754 at
1485 1712 1607 1752 non
1635 1692 1888 1765 faceres,
1919 1692 1970 1754 si
1999 1691 2142 1772 quid
2185 1691 2392 1772 gratiis
2433 1691 2704 1754 introdu-

397 1788 653 1850 cendum
671 1786 750 1849 ad
778 1787 1065 1848 Senatum
1097 1786 1310 1848 fuisset
1336 1787 1463 1862 tibi,
1492 1785 1599 1848 sed
1622 1785 1904 1846 vidissem
1935 1797 1993 1846 te
2021 1783 2490 1866 praetendentem
2519 1804 2704 1846 vaca·

397 1882 618 1944 tionem
641 1879 931 1961 simulque
954 1899 1199 1940 manum
1227 1879 1579 1960 accipiendo
1609 1879 1854 1940 muneri.
1939 1877 2158 1940 Cnon.
2204 1879 2382 1939 Certe
2411 1877 2486 1940 de
2513 1877 2704 1939 omni·

396 1975 509 2035 bus
538 1973 691 2033 bene
712 1984 968 2034 meretur
988 1973 1133 2034 civis
1158 1972 1368 2034 similis
1396 1973 1510 2033 tui.
1588 1973 1807 2033 Tar-e.
1839 1973 2040 2042 Quum
2067 1969 2528 2044 vindemiabitis,
2555 1971 2706 2032 mul-

396 2077 462 2129 to
489 2065 681 2147 magis
712 2066 912 2127 scietis
935 2067 1132 2147 qualis
1161 2067 1295 2127 sim.
1380 2067 1600 2128 Onon.
1631 2066 1810 2126 Nunc
1843 2065 2020 2126 etiam
2061 2063 2124 2124 id
2165 2065 2311 2125 satis
2353 2076 2416 2124 tu
2459 2064 2700 2144 quidem

400 2158 695 2222 ostendis.
767 2160 1043 2221 Servatur
1065 2159 1226 2220 enirn
1249 2159 1525 2222 omnibus
1553 2159 1892 2220 hominibus
1919 2179 1986 2220 es
2015 2158 2232 2221 factus.
2285 2159 2505 2218 Ture.
2535 2157 2708 2242 Qujd-

400 2274 545 2336 ergo
572 2252 763 2327 dices,
789 2273 972 2334 quum
1000 2253 1202 2314 ebibes
1244 2253 1425 2313 musti
1465 2251 1794 2333 poculum?
1877 2251 2100 2314 Onon.
2142 2251 2327 2313 Immo
2371 2251 2704 2312 secundum

398 2345 546 2410 deos
574 2347 681 2408 tibi
708 2365 942 2428 semper
970 2346 1190 2427 primas
1220 2345 1581 2406 deseremus.
1662 2345 1880 2406 Tute.
1920 2345 2160 2426 Optime
2207 2346 2363 2406 enim
2410 2344 2487 2404 de
2537 2343 2704 2405 vobis

398 2440 749 2525 promeritus
780 2458 912 2499 sum
940 2438 1037 2500 ille
1066 2458 1182 2521 ego
1221 2439 1511 2519 Trygoeus
1567 2438 2012 2514 Athmonensis,
2057 2437 2161 2518 qui
2209 2437 2574 2518 gravissimis
2619 2457 2702 2498 ω-

396 2533 623 2613 rumis
677 2532 922 2592 liberavi
976 2531 1268 2611 plebeiam
1324 2534 1582 2606 turbam,
1628 2533 2034 2613 populumque
2091 2541 2421 2614 agrestem:
2475 2531 2699 2613 quique

399 2626 809 2709 Hyperbolum
830 2623 1107 2705 repressi.
1192 2625 1411 2685 0303.
1439 2627 1570 2705 Age
1599 2644 1760 2699 vero,
1788 2625 1934 2706 quid
1963 2624 2250 2706 deinceps
2279 2624 2451 2685 nobis
2479 2625 2706 2686 sacien-

401 2705 545 2782 'dum
572 2729 667 2780 est
693 2718 719 2778 τ
768 2719 985 2778 Tne.
1016 2717 1180 2787 Quid
1208 2717 1395 2790 aliud,
1422 2719 1538 2778 nisi
1566 2719 1721 2781 hanc
1751 2717 2096 2779 dedicemus
2134 2718 2413 2780 adhibitis
2454 2719 2704 2798 legumi-

399 2832 545 2874 num
572 2811 706 2874 ollis
731 2811 758 2871 ’ἒ
820 2811 1038 2873 0303.
1063 2810 1340 2872 Ollisne?
1398 2821 1682 2892 tanquam
1711 2810 2019 2892 querulum
2051 2809 2435 2874 Hei-mulam?
2481 2813 2702 2876 Tam.

402 2905 565 2978 Quid
592 2926 736 2988 ergo
758 2903 1034 2966 videtur?
1090 2904 1347 2966 vultisne
1383 2904 1658 2985 saginato
1697 2903 1898 2965 bove?
1981 2905 2194 2966 Cnon.
2239 2903 2423 2979 Bove‚
2464 2905 2704 2988 inquis?

400 3019 803 3082 nequaquam,
823 3018 901 3060 ne
926 2999 1230 3080 suppetias
1260 2996 1626 3079 aliquorsum
1655 3017 1891 3059 currere
1908 3009 2202 3079 oporteat.
2283 2998 2500 3060 Taso.
2541 2999 2702 3062 Num

402 3115 546 3176 ergo
574 3113 757 3176 porca
781 3093 984 3174 pingui
1007 3102 1067 3152 et
1095 3090 1362 3172 magna?
1442 3092 1657 3153 0303.
1688 3090 1956 3152 Minime.
2018 3091 2236 3153 Ture.
2269 3090 2434 3152 Cur?
2476 3092 2698 3155 Onon..

404 3189 499 3250 Ne
528 3188 631 3248 fiat
656 3187 901 3268 por-cina
928 3186 1263 3266 Theagenis
1292 3185 1594 3267 spurcitia.
1678 3184 1900 3246 Taso.
1928 3185 2206 3253 Quanam
2234 3205 2376 3264 ergo
2419 3185 2598 3246 sodes
2627 3207 2701 3247 ex

400 3281 617 3344 ceteris
671 3279 921 3340 victimis
976 3278 1238 3340 censes?
1301 3280 1538 3362 ‚enom
1587 3278 1735 3338 Ove.
1819 3279 2038 3340 Taso.
2088 3276 2260 3339 Ore?
2345 3277 2558 3340 0303.
2606 3281 2702 3341 Ita

401 3373 625 3450 hercle.
706 3372 923 3433 Tam.
956 3371 1079 3433 Sed
1106 3381 1200 3432 est
1231 3373 1496 3433 lonicum
1524 3373 1641 3434 hoc
1670 3371 2045 3434 vocabulum.
2124 3372 2344 3432 Onon..
2369 3371 2462 3434 De
2491 3371 2702 3434 indus-

404 3467 538 3542 tria,
558 3475 653 3540 ut,
670 3465 721 3529 si
738 3466 799 3525 in
820 3466 1109 3526 concione
1130 3465 1265 3546 quis
1287 3466 1503 3528 dixerit
1526 3465 1748 3526 bellum
1779 3486 1913 3528 esse
1943 3466 2289 3545 gerendum,
2310 3476 2436 3528 tum
2460 3468 2562 3548 qui
2581 3467 2702 3530 illic

404 3559 717 3634 sedebunt,
739 3579 865 3640 prae
880 3570 1041 3620 metu
1069 3559 1277 3621 dicant
1302 3559 1529 3636 Ionice,
1564 3562 1702 3622 Ovae
1721 3565 1748 3622 Ι
1829 3561 2047 3641 Ture.
2077 3559 2264 3620 Recte
2293 3561 2498 3640 utique
2526 3563 2699 3624 dicis.

404 3651 623 3714 Onon.
654 3652 732 3712 Et
762 3651 880 3712 sint
906 3664 1104 3714 cetera
1131 3653 1332 3715 lenes:
1392 3670 1574 3734 atque
1601 3655 1688 3714 ita
1714 3654 1814 3714 alii
1859 3675 2002 3734 erga
2047 3654 2200 3714 alios
2243 3652 2460 3714 erimus
2503 3655 2700 3716 animo

403 3743 648 3828 agnino,
678 3763 822 3825 erga
847 3745 1043 3807 socios
1072 3755 1271 3807 autem
1292 3747 1478 3807 multo
1508 3749 1790 3809 mitiores.
1875 3748 2093 3810 Ture.
2137 3748 2270 3826 Age
2311 3765 2458 3826 ergo
2499 3745 2699 3811 adduc

404 3859 585 3921 quam
612 3837 897 3900 citissime
924 3859 1095 3902 ovem
1119 3859 1274 3920 :ego
1302 3839 1529 3902 interea
1547 3859 1708 3901 aram
1731 3842 1976 3923 parabo,
1992 3842 2054 3900 in
2077 3859 2198 3922 qua
2215 3839 2705 3902 sacrificabimus.

406 3933 623 3996 Cnoa.
652 3932 745 3992 En
774 3942 844 3993 ut
860 3933 1061 3994 omnia
1081 3953 1219 4013 quse
1245 3933 1409 3992 Deus
1436 3933 1594 4007 vult,
1614 3935 1968 4016 fortunaque
2011 3931 2326 4009 secundat,
2367 3934 2702 4016 procedunt

404 4046 482 4088 ex
510 4027 827 4102 sententia,
854 4026 1088 4108 aliaque
1112 4026 1242 4086 aliis
1272 4026 1518 4088 istorum
1548 4040 1884 4109 opportuno
1929 4039 2190 4112 tempore
2233 4046 2366 4086 sese
2407 4027 2702 4090 offerunt!

402 4119 623 4196 Taso.
666 4119 801 4182 Hoc
853 4120 1057 4201 utique
1112 4119 1258 4180 satis
1306 4131 1588 4201 apparet:
1645 4141 1782 4183 nam
1839 4142 1962 4196 ara,
2007 4141 2171 4196 ecce,
2209 4120 2338 4201 jam
2391 4121 2530 4181 soris
2585 4131 2700 4184 cst.

404 4213 624 4290 0303.
654 4214 957 4276 Festinate
984 4232 1149 4294 ergo,
1170 4213 1315 4276 dum
1354 4213 1558 4276 divino
1589 4215 1766 4296 jussu
1809 4215 2092 4297 impetum
2135 4214 2372 4276 cohibet
2411 4233 2706 4276 conversa

400 4307 546 4370 belli
588 4325 751 4370 aura.
834 4299 1013 4370 Niinc
1050 4307 1209 4368 enim
1254 4307 1420 4372 Deus
1462 4309 1662 4391 palam
1702 4329 1798 4370 res
1839 4311 1902 4370 in
1943 4310 2152 4371 melius
2195 4305 2392 4370 refert.
2475 4307 2696 4372 Ture.

400 4399 747 4488 ¹Canini-um
775 4400 967 4474 adest,
992 4401 1090 4462 cui
1116 4399 1277 4464 mola
1306 4403 1465 4464 salsa
1491 4403 1673 4477 inest,
1695 4413 1758 4464 et
1781 4421 2024 4480 corona,
2051 4413 2114 4465 et
2142 4399 2372 4464 culter:
2421 4422 2562 4468 ecce
2591 4405 2704 4468 eti·-

408 4513 501 4542 π·
526 4494 903 4570 ἱσιιοωμιεο,
927 4503 1144 4576 praeter
1170 4517 1363 4573 ovem,
1393 4497 1566 4558 uobis
1588 4497 1906 4584 quicquam
1927 4515 2108 4562 ωσι-ω
2131 4506 2244 4560 est.
2292 4496 2510 4560 Ciron-
2541 4499 2712 4560 Non·
