3059 5059
324 355 757 434 1087—1147]
1362 353 1483 412 ΡΑ
1505 355 1584 414 x.
2513 357 2630 418 113

310 503 491 566 quam
524 484 855 548 reddideris
892 485 1107 548 levem.
1190 484 1410 546 Turro.
1444 483 1606 544 Num
1627 484 2098 548 Atheniensibus
2127 488 2306 548 verba
2335 464 2480 548 dare
2510 485 2622 548 ali-

310 578 559 658 quando
582 577 865 640 desines?
948 579 1155 640 Hrua.
1198 578 1335 647 Quo
1386 578 1544 640 enim
1601 579 1846 640 oraculo
1882 579 2040 660 jussi
2097 582 2348 642 victimae
2397 581 2622 646 femora

288 670 663 736 .adolevistis
691 672 850 733 diis?
932 673 1151 734 Tmro.
1177 671 1302 731 Isto
1326 670 1622 744 nimirum,
1649 671 1810 751 quod
1841 673 2294 754 pulcherrimum
2325 673 2466 734 fecit
2494 673 2624 733 Ho-

309 783 553 826 merus:
600 767 703 828 Sic
729 767 827 826 3111·
854 767 1090 848 quidem
1127 767 1369 828 inimica
1418 765 1558 825 bella·
1599 765 1750 826 nube
1789 765 2059 846 depulsa,
2111 769 2326 828 Pacem
2368 767 2623 848 amplexi

308 867 483 928 sunt,
524 867 585 920 et
611 879 735 922 eam
762 860 1118 922 dedicarunt
1146 865 1407 920 mactata
1434 860 1696 920 victima.
1743 859 1862 921 Sed
1876 857 2190 943 postquam
2202 861 2439 941 femora
2465 881 2619 922 com-

312 949 691 1030 bustasuere,
715 953 1034 1014 visceribus
1052 954 1222 1032 pasti
1262 950 1536 1014 libarunt
1572 952 1806 1032 poculis
1825 972 1847 1011 .·
1900 973 2011 1034 ego
2055 961 2250 1014 autem
2296 954 2420 1016 dux
2459 974 2618 1014 eram

308 1045 467 1105 viae:
522 1053 591 1105 at
609 1047 897 1128 sortilego
922 1066 1089 1108 nemo
1115 1045 1301 1108 dabat
1341 1045 1581 1108 calicem
1604 1045 1968 1127 fulgentem.
2054 1046 2258 1108 Hxan.
2299 1047 2451 1108 Haec
2495 1067 2618 1108 non

308 1134 388 1197 ad
417 1157 514 1198 me
545 1139 881 1219 pertinent:
928 1159 1050 1200 non
1080 1139 1237 1200 euim
1278 1138 1394 1200 hoc
1440 1137 1597 1199 dixit
1646 1137 1897 1220 Sibylla.
1980 1139 2200 1200 Tam.
2247 1141 2332 1200 At
2377 1140 2615 1221 sapiens

306 1227 407 1291 ille
430 1230 729 1294 mehercle
757 1233 1057 1294 Homerus
1086 1251 1373 1313 perquam
1390 1232 1540 1292 scite
1567 1231 1754 1293 dixitt
1813 1233 1937 1294 Nec
1955 1233 2221 1308 tribules,
2265 1253 2369 1296 nec
2409 1233 2619 1316 legem,

306 1341 411 1384 nec
440 1324 661 1386 Larem
686 1325 861 1388 habet
888 1327 1011 1400 ille,
1037 1327 1142 1409 qui
1170 1325 1380 1386 bellum
1407 1333 1562 1386 amat
1592 1327 1942 1388 intestinum
1971 1327 2351 1389 horrendum.
2413 1327 2618 1389 Hrzn.

309 1413 467 1476 Vide
508 1437 585 1477 ne
620 1417 764 1479 dolo
805 1419 1009 1499 aliquo
1050 1428 1307 1480 mentem
1338 1429 1501 1478 tuam
1528 1417 1834 1500 decipiens
1877 1419 2096 1480 miluus
2139 1431 2278 1482 exta
2318 1421 2621 1501 corripiat.

307 1508 530 1572 Ture.
574 1512 1028 1591 (adscondatis).
1116 1513 1279 1574 Istuc
1306 1521 1371 1572 tu
1401 1530 1584 1573 cave:
1624 1531 1761 1572 nam
1790 1512 1907 1573 hoc
1937 1512 2320 1574 metuendum
2349 1523 2442 1574 est
2463 1513 2618 1574 extis

310 1604 643 1665 oraculum.
688 1603 943 1668 Infunde
970 1626 1109 1670 vero
1126 1606 1413 1679 libamen,
1436 1617 1499 1666 et
1516 1618 1784 1666 extorum
1805 1618 2032 1686 partem
2055 1606 2169 1668 huc
2193 1607 2366 1670 cedo.
2411 1608 2616 1670 Hir-m.

308 1697 429 1758 Sed
454 1697 508 1758 si
536 1699 708 1760 vobis
732 1698 818 1761 ita
836 1681 1169 1762 faciendum
1192 1698 1447 1771 videtur,
1474 1699 1728 1780 ipsemet
1755 1699 1932 1760 etiam
1955 1719 2071 1780 ego
2089 1699 2228 1760 mibi
2251 1700 2615 1762 ministrabo.

307 1789 864 1867 Tam.1.ibamen,
910 1793 1191 1855 libamen.
1276 1793 1481 1853 Hraa.
1527 1791 1785 1854 Infunde
1824 1792 1968 1852 mihi
2011 1793 2185 1854 etiam
2239 1807 2300 1853 et
2346 1805 2614 1856 extorum

306 1895 538 1963 partem
582 1887 841 1968 porrige.
922 1887 1141 1948 Tam.
1187 1888 1267 1946 At
1328 1884 1596 1945 nondum
1641 1885 1758 1944 hoc
1805 1885 2003 1962 placet
2049 1885 2244 1946 beatis
2291 1886 2448 1947 diis:
2505 1888 2614 1948 sed

308 1976 471 2038 istud
502 1980 725 2060 potius,
756 1991 823 2039 ut
851 1997 961 2039 nos
992 1978 1263 2050 libemus,
1303 1990 1368 2037 tu
1420 1986 1620 2036 autem
1674 1977 1876 2037 abeas.
1959 1976 2017 2037 Ο
2074 1979 2412 2038 veneranda
2467 1977 2617 2052 Pax,

308 2089 591 2150 permane
620 2072 931 2132 nobiscum
959 2071 1287 2132 omnivitae
1318 2080 1604 2148 tempore.
1687 2067 1892 2130 Hrnn.
1939 2068 2102 2130 Affer
2147 2069 2266 2131 huc
2311 2071 2455 2132 mihi
2501 2072 2615 2133 lin-

306 2183 513 2242 guam.
597 2165 814 2226 Taso.
841 2165 933 2224 Tu
953 2184 1094 2225 vero
1116 2175 1278 2224 tuam
1308 2162 1449 2222 hinc
1490 2161 1674 2222 aufer.
1761 2161 1965 2223 Hraa.
2007 2163 2312 2225 Libamen.
2396 2165 2616 2226 Tam.

306 2257 777 2337 (adsmulum).
866 2257 1017 2318 Haec
1047 2258 1227 2318 etiam
1267 2275 1401 2317 cum
1432 2255 1715 2316 libamine
1757 2275 1925 2316 sume
1967 2256 2154 2318 ocius.
2241 2255 2442 2320 Hran.
2487 2258 2615 2318 Ne·

310 2343 489 2413 mone
516 2351 686 2412 dabit
706 2352 847 2413 mihi
874 2351 951 2411 de
976 2350 1128 2413 extis
1154 2346 1427 2430 aliquid?
1508 2347 1724 2410 Tura.
1765 2349 1902 2409 Non
1943 2349 2100 2410 enim
2142 2368 2460 2431 possumus
2503 2371 2614 2412 nos

308 2444 473 2524 prius
504 2445 670 2518 dare,
701 2455 1019 2526 antequam
1047 2444 1226 2524 lupus
1257 2462 1427 2503 ovem
1456 2441 1640 2503 ineat.
1727 2443 1928 2504 lima.
1961 2443 2148 2505 Immo
2177 2462 2283 2523 per
2318 2462 2514 2523 genua
2555 2456 2615 2505 te

308 2539 584 2601 obsecro.
662 2538 883 2600 Tum.
916 2539 1180 2610 Frustra,
1209 2556 1246 2598 o
1274 2537 1453 2610 bone,
1482 2535 1788 2618 supplicas
1813 2555 1831 2596 t
1864 2556 1982 2596 non
2011 2537 2164 2597 enim
2184 2536 2374 2597 levem
2403 2535 2614 2599 reddes

308 2652 587 2714 asperum
617 2632 971 2694 erinaceum.
1056 2631 1259 2711 Agite,
1287 2638 1676 2711 spectatores,
1705 2628 1936 2704 adeste,
1987 2630 2282 2691 comedite
2327 2640 2466 2691 exta
2507 2651 2615 2691 no·

307 2726 563 2786 hiscum.
650 2725 853 2787 Hrzn.
880 2724 1014 2806 Ego
1045 2743 1183 2785 vero
1206 2721 1397 2804 quid?
1478 2723 1694 2783 Ture.
1731 2722 2018 2803 Sibyllam
2057 2723 2327 2784 comede.
2409 2723 2614 2785 Hraa.

311 2819 498 2880 Haud
526 2839 697 2893 sane,
724 2839 830 2902 per
856 2817 1157 2880 Tellurem
1186 2816 1415 2897 adjuro,
1446 2835 1554 2876 vos
1583 2815 1714 2876 haec
1741 2814 2070 2878 comedetis
2115 2815 2225 2876 soli
2250 2836 2270 2884 ι
2311 2815 2418 2876 sed
2464 2819 2615 2878 abri-

308 2914 470 2996 piam
492 2932 565 2974 ea
586 2914 797 2976 vobis:
854 2921 997 2974 sunt
1024 2913 1181 2974 euim
1210 2912 1271 2971 in
1298 2909 1495 2971 medio
1518 2909 1738 2989 posita.
1820 2910 2037 2970 Tam.
2059 2909 2335 2982 Percute,
2351 2920 2616 2992 percute,

308 3019 559 3088 percute
586 3007 767 3068 istum
794 3006 1003 3068 Bacin.
1045 3005 1252 3066 Hmn.
1278 3006 1585 3066 Antestor.
1641 3002 1860 3064 Tam.
1891 3003 1968 3062 Et
1994 3022 2130 3082 ego,
2154 3015 2214 3064 te
2243 3023 2455 3085 nempe
2479 3023 2615 3065 esse

306 3099 653 3162 helluonem
678 3111 739 3162 et
766 3110 1141 3180 arrogantem
1167 3097 1466 3160 hominem
1492 3117 1508 3165 3
1556 3105 1798 3178 percute
1827 3097 2043 3177 ipsum,
2073 3109 2135 3158 et
2159 3097 2373 3158 baculo
2403 3097 2614 3160 cohibe

301 3195 659 3275 jactator-em
680 3194 868 3256 illum.
914 3193 1087 3254 Fan.
1116 3193 1207 3253 Tu
1229 3190 1471 3274 quidem
1498 3190 1561 3251 id
1583 3210 1760 3251 cura:
1793 3209 1906 3271 ego
1931 3209 2068 3252 vero
2095 3191 2458 3252 victimarum
2489 3193 2614 3274 pel·

308 3287 417 3360 les,
438 3305 593 3368 quas
615 3287 781 3348 hicce
823 3306 927 3368 per
968 3285 1239 3346 fraudem
1278 3284 1530 3365 accepit,
1573 3285 1628 3346 ei
1670 3283 2000 3346 detraham.
2089 3283 2304 3344 Nonne
2345 3283 2614 3364 depones

309 3380 523 3464 pelles,
580 3379 953 3442 sacrificale?
1010 3376 1338 3440 audistin’?
1393 3377 1588 3458 qualis
1635 3379 1750 3440 iste
1801 3397 2014 3440 corvus
2070 3397 2146 3438 ex
2199 3378 2359 3440 Oreo
2415 3381 2620 3442 venit!

310 3495 513 3537 nonne
535 3475 803 3538 avolabis
831 3476 998 3536 ocius
1026 3475 1085 3534 in
1116 3471 1497 3555 Elymnium?
1567 3473 1728 3534 Sala.
1760 3472 1976 3547 Laetor,
2002 3472 2194 3544 laetor,
2223 3471 2382 3554 quod
2415 3491 2616 3536 carere

306 3567 451 3630 licet
476 3567 737 3638 casside,
765 3580 825 3630 et
847 3587 1047 3639 caseo,
1094 3577 1157 3628 et
1200 3565 1386 3646 cepis.
1472 3564 1612 3626 Non
1659 3566 1815 3627 enim
1865 3585 1940 3627 ex
1984 3564 2204 3645 proeliis
2247 3565 2615 3649 voluptatem

308 3662 483 3743 capio
500 3682 521 3732 ς
580 3661 689 3722 sed
718 3661 769 3722 si
800 3659 960 3741 apud
990 3661 1189 3741 ignem
1214 3669 1522 3742 per-potem
1553 3679 1690 3722 cum
1713 3660 1864 3722 caris
1890 3657 2220 3731 sodalibus,
2261 3661 2616 3725 comburens

309 3754 501 3836 ligna,
528 3774 908 3836 quaecunque
950 3753 1173 3816 fuerint
1214 3752 1573 3824 aridissima,
1615 3753 1824 3814 aestivo
1853 3753 2052 3816 calore
2095 3753 2418 3836 exsiccata,
2453 3766 2514 3816 et
2556 3755 2618 3817 in

310 3847 673 3910 carbonibus
703 3860 931 3908 torrens
970 3847 1148 3920 cicer,
1198 3847 1521 3928 sagumque
1576 3847 1636 3906 in
1693 3847 1890 3926 ignem
1943 3846 2288 3920 immittens„
2331 3860 2393 3908 et
2440 3846 2616 3908 simul

308 3941 625 4003 Thrattam
654 3940 1026 4025 subagitans,
1078 3940 1217 4002 dum
1265 3960 1414 4001 uxor
1451 3939 1636 4002 lavat.
1719 3939 1882 4000 Nihil
1929 3938 2085 4000 enim
2127 3938 2454 4018 jucundius
2505 3953 2618 4011 est,

306 4055 489 4115 quam
521 4037 597 4107 si,
622 4033 783 4096 facta
799 4033 929 4114 ,iam
958 4045 1247 4107 semente,
1278 4033 1511 4115 deoque
1539 4053 1671 4096 eam
1699 4031 2001 4113 irrigante,
2033 4031 2120 4093 sic
2151 4031 2444 4094 fabuletur
2471 4034 2614 4096 vici·

309 4147 427 4190 nus
440 4127 699 4209 aliquis:
758 4129 885 4191 Dic
909 4128 1058 4188 milti
1103 4127 1290 4201 sodes,
1331 4128 1480 4209 quid
1502 4127 1772 4208 jacimus
1817 4129 2065 4198 interea,
2109 4146 2142 4188 ο
2186 4127 2619 4192 Conaerckida?

306 4209 459 4298 nihi
482 4220 719 4303 quidem
731 4230 949 4302 potare
972 4221 1191 4301 placet,
1220 4220 1361 4282 dum
1389 4222 1724 4300 dmjuvat
1751 4229 1902 4282 sata.
1988 4219 2142 4302 Age,
2175 4221 2407 4297 mulier,
2434 4217 2615 4304 frige

304 4312 686 4394 phaselon-rm
715 4321 833 4375 tres
862 4316 1165 4389 cltoenices,
1194 4316 1497 4397 trilicique
1523 4313 1810 4377 nonnihil
1837 4314 1919 4374 eis
1946 4314 2218 4385 admisce,
2247 4321 2421 4398 atque
2448 4314 2618 4396 ficus

310 4406 603 4488 &prome-
692 4407 864 4469 Vocet
896 4409 1053 4489 Syra
1078 4408 1307 4471 Manen
1334 4429 1406 4470 επ
1433 4428 1607 4490 agro,
1634 4406 2100 4490 quondoquidem
2127 4427 2248 4469 non
2289 4407 2424 4468 licet
2445 4426 2616 4487 pm-

392 4501 596 4564 Arist.
620 4499 762 4578 Lat.
1168 4561 1174 4567 ‚
2401 4501 2448 4558 P
