3059 5059
468 395 559 456 -8'6
1199 386 2014 448 ARISTOPHANIS
2369 389 2764 468 [940--1000

469 521 696 586 sedes?
750 519 951 582 Pmr..
970 519 1294 580 Nondum:
1324 517 1433 580 sed
1456 520 1634 580 istum
1663 519 1910 578 arbitror
1935 525 2276 578 cecaturum
2303 515 2504 578 hodie.
2547 515 2754 578 anr..

474 621 694 678 Annon
719 612 957 674 desines
982 612 1204 694 rigidus
1232 631 1367 672 esse
1394 625 1457 673 ct
1492 609 1770 684 difficilis,
1811 610 1990 691 idque
2029 629 2172 691 erga
2213 629 2366 684 reos,
2407 631 2756 692 semperque

472 711 559 771 eis
586 705 885 769 mordicus
912 706 1267 768 inhoerebis.
1246 704 1272 744 '³
1328 703 1606 765 Ascende
1638 715 1722 775 tu,
1752 704 1965 774 Labes,
1989 714 2055 765 et
2075 704 2295 764 crimen
2321 724 2532 785 purga.
2595 705 2758 774 Quid

466 800 688 863 taces?
732 799 1027 879 eloquere.
1109 797 1309 858 Pan..
1354 797 1474 858 Sed
1502 798 1614 858 iste
1641 795 1787 856 nihil
1822 797 2038 858 babere
2079 795 2329 870 videtur,
2371 797 2535 878 quod
2573 797 2758 860 dicut.

472 895 681 956 Bou..
722 893 921 952 Habet
944 889 1217 972 quidem.
1264 890 1371 952 sed
1402 889 1558 951 idem
1588 890 1640 953 ei
1679 897 1824 969 puto
1867 888 2176 962 accidisse,
2215 889 2382 968 quod
2423 891 2564 952 olim
2603 893 2764 952 acci-

471 987 563 1049 dit
586 1005 691 1048 reo
714 983 1083 1068 Thucydidi·
1141 985 1361 1044 buccas
1390 995 1630 1062 stupore
1651 1001 1968 1062 percussus
2009 982 2302 1043 obmutuit
2339 983 2559 1046 subito.
2645 985 2762 1046 Fa·
2865 977 2876 990 ⁶

463 1099 641 1142 cesse
666 1078 840 1139 hinc·
824 1123 841 1138 .
896 1097 1011 1158 ego
1042 1077 1195 1137 enim
1222 1096 1465 1138 causam
1493 1086 1656 1135 tuem
1691 1074 2030 1136 defendam.
2097 1076 2352 1136 Difficile
2377 1078 2618 1157 quidem
2643 1089 2762 1153 est,

465 1191 510 1233 o
536 1171 666 1245 viri,
694 1171 933 1232 crimine
961 1169 1253 1230 invidioso
1282 1169 1552 1229 arcessiti
1581 1168 1747 1230 canis
1772 1168 2162 1248 patrocinium
2185 1169 2524 1249 suscipere:
2563 1169 2760 1232 dicem

468 1277 688 1328 temen.
774 1265 977 1325 Bonus
1006 1263 1161 1324 enim
1184 1273 1279 1323 est
1304 1272 1365 1322 ct
1390 1264 1565 1342 lupos
1593 1263 1782 1341 fugat.
1869 1260 2066 1321 Prin..
2113 1263 2300 1322 Immo
2339 1264 2435 1322 fur
2471 1263 2585 1323 iste
2625 1264 2760 1345 qui·

466 1359 606 1420 dem
633 1369 695 1418 et
718 1357 1081 1436 conjuratus.
1164 1355 1369 1416 Bnn..
1418 1355 1778 1435 Neutiquem
1803 1353 1998 1416 hercle
2023 1374 2040 1415 τ
2097 1354 2206 1416 sed
2235 1365 2440 1415 natum
2467 1369 2756 1438 qnantum

465 1462 559 1514 est
584 1471 799 1513 canum
828 1449 1085 1531 optimus
1110 1459 1224 1522 est,
1250 1449 1471 1528 quique
1500 1448 1694 1527 possit
1721 1467 1980 1526 preesse
2005 1467 2224 1527 magno
2251 1449 2472 1528 pecori.
2551 1449 2686 1510 Pm
2697 1469 2755 1512 1..

466 1547 554 1606 At
590 1563 731 1606 vero
770 1542 917 1624 quid
954 1541 1220 1622 prodest,
1262 1541 1313 1600 si
1354 1559 1598 1602 caseum
1638 1539 1942 1602 comedit?
2024 1539 2228 1602 anr..
2281 1540 2506 1621 Nempe
2547 1563 2654 1624 pro
2695 1555 2756 1604 tc

466 1645 719 1719 pugnet,
748 1647 811 1696 et
832 1633 1100 1712 custodit
1113 1634 1382 1713 jannem,
1416 1643 1732 1714 ceteraque
1771 1633 2030 1713 optimus
2067 1644 2202 1693 est:
2253 1634 2304 1694 si
2345 1645 2540 1695 nutem
2583 1637 2756 1716 quid-

464 1731 625 1810 piam
656 1728 955 1810 surripuit,
974 1727 1250 1790 condona
1274 1746 1448 1794 eumz
1506 1725 1794 1788 citharam
1820 1727 1978 1788 enim
2007 1727 2244 1806 pulsare
2273 1727 2483 1788 nescit.
2555 1728 2752 1790 Pau..

463 1823 697 1884 Vellem
742 1821 1040 1902 equidem,
1082 1832 1152 1881 ut
1176 1839 1287 1882 nec
1315 1819 1515 1880 literas
1548 1821 1746 1893 sciret,
1773 1831 1842 1878 ut
1881 1839 1956 1879 ne
1995 1830 2230 1901 patrato
2271 1821 2496 1882 scelere
2537 1823 2755 1882 oratio-

458 1935 601 1976 nem
626 1914 1097 1994 conscripsisset.
1180 1913 1384 1973 anr..
1428 1913 1608 1986 Audi,
1638 1932 1676 1973 o
1703 1915 1882 1982 bone,
1913 1931 2074 1972 meos
2105 1923 2308 1974 testes.
2363 1913 2646 1974 Ascende
2665 1927 2752 1989 tu,

456 2007 694 2082 redula,
722 2017 784 2066 et
813 2005 911 2067 dic
940 2005 1063 2066 alte
1103 2024 1286 2066 voce:
1330 2017 1394 2067 tu
1434 2007 1592 2066 enim
1632 2016 1775 2065 tunc
1814 2014 2178 2085 questurum
2219 2008 2576 2067 exercebas:
2629 2027 2754 2068 res·

456 2099 661 2180 ponde
688 2099 887 2161 clare:
928 2117 1127 2159 nonne
1154 2098 1552 2160 comminuisti
1580 2099 1859 2158 militibus
1885 2097 2208 2158 dividenda
2233 2119 2372 2179 quae
2393 2102 2754 2180 acceperas?

459 2195 564 2253 Ait
584 2211 649 2254 se
671 2191 1109 2253 comminuisse.
1191 2191 1391 2252 Pau..
1420 2189 1542 2252 Sed
1559 2189 1853 2251 mehercle
1872 2190 2176 2251 mentitur.
2261 2191 2466 2254 Bnm..
2495 2194 2548 2252 Ο
2575 2195 2751 2267 bone,

452 2285 735 2346 miserere
764 2285 1135 2346 afflictorum.
1221 2284 1341 2344 Iste
1382 2283 1538 2344 enim
1583 2284 1770 2344 Lebes
1799 2292 1862 2342 et
1887 2283 2086 2362 capite
2111 2283 2362 2364 piscium
2391 2285 2518 2346 edit
2544 2296 2606 2346 et
2631 2289 2754 2368 spi-

456 2395 764 2441 nestmec
794 2396 1057 2457 unquam
1086 2376 1143 2436 in
1170 2375 1385 2438 eodem
1413 2376 1548 2437 loco
1589 2385 1806 2437 manet.
1889 2375 2058 2436 Alter
2085 2396 2226 2438 vero
2253 2377 2354 2437 ille
2395 2379 2542 2438 nihil
2587 2380 2750 2440 eliud

456 2472 571 2533 scit
596 2490 774 2552 quam
802 2470 1042 2532 domum
1066 2467 1364 2530 custodire
1390 2490 1405 2530 ε
1458 2469 1678 2549 quippe
1705 2489 1954 2530 manens
1979 2469 2061 2530 ibi
2087 2489 2342 2552 semper,
2379 2490 2748 2554 quincunque

455 2565 589 2646 quis
613 2565 849 2636 inferat,
876 2581 1079 2624 eorum
1109 2571 1333 2643 partem
1362 2562 1473 2622 sibi
1498 2561 1730 2641 flagitet
1751 2583 1770 2622 t
1825 2561 1874 2622 si
1911 2563 2044 2642 quis
2087 2583 2224 2624 vero
2263 2583 2386 2624 non
2427 2565 2550 2638 det,
2589 2587 2746 2628 mor—

456 2660 563 2720 det
574 2679 711 2720 eum
734 2658 913 2719 illico.
955 2656 1155 2718 Prin..
1223 2657 1353 2716 Aul
1401 2654 1686 2734 quidnam
1707 2665 1803 2716 est
1827 2655 1992 2727 mali,
2019 2676 2138 2737 quo
2167 2657 2496 2718 mollesco?
2527 2659 2746 2720 mulum

453 2750 755 2834 quoddam
784 2748 981 2811 evenit
1002 2747 1167 2820 mihi,
1195 2758 1257 2809 et
1286 2746 1668 2828 persuadeor.
1739 2747 1946 2810 Bnm..
1975 2751 2130 2830 Age,
2155 2751 2232 2809 mi
2261 2763 2452 2830 pater,
2477 2753 2744 2828 obsecro,

448 2843 815 2905 miserescite
836 2841 987 2922 ejus,
1030 2852 1093 2902 et
1128 2839 1313 2902 nolite
1366 2839 1637 2920 perdere.
1723 2839 1838 2901 Ubi
1895 2852 2037 2902 sunt
2091 2842 2301 2904 liberii
2353 2846 2680 2920 ascendite,
2707 2867 2746 2908 o

449 2936 669 3010 miseri,
698 2946 761 2995 et
786 2934 1033 3015 gannitu
1058 2946 1245 3006 orate,
1282 2935 1610 3018 obsecrate,
1653 2943 1716 2994 et
1753 2933 2081 2996 lacrimate.
2165 2935 2364 2998 Pan..
2409 2937 2744 3015 Descende,

450 3027 773 3100 descende,
832 3025 1151 3098 descende,
1210 3025 1534 3088 descende.
1622 3027 1830 3088 Bnm..
1887 3027 2304 3090 Descendam:
2359 3042 2422 3091 et
2475 3033 2746 3112 quumvis

448 3120 617 3181 istud
646 3119 921 3182 descende
948 3119 1279 3199 complures
1306 3119 1433 3199 jam
1476 3117 1796 3200 deceperit,
1839 3119 2200 3183 descendum
2241 3134 2462 3185 tamen.
2544 3124 2745 3188 Pan..

451 3214 569 3274 Abi
594 3213 657 3273 in
677 3210 893 3272 melem
920 3229 1065 3272 rem.
1150 3213 1235 3274 Ut
1262 3223 1441 3274 nocet
1480 3212 1814 3274 sorbuisse!
1857 3213 2014 3275 Ecce
2041 3215 2196 3274 enim
2225 3214 2568 3278 illacrimari
2607 3237 2744 3299 ego,

452 3307 637 3388 quod,
664 3305 861 3366 enimc
889 3302 1130 3384 quidem
1158 3323 1312 3378 meo,
1338 3304 1499 3365 haud
1528 3305 1800 3367 fecissem
1829 3325 2111 3386 unquam,
2133 3307 2246 3368 uisi
2276 3306 2618 3388 implessem
2647 3329 2742 3372 me

446 3400 631 3460 lente.
714 3397 919 3457 Bnnr..
961 3395 1177 3458 Nonne
1203 3417 1347 3478 ergo
1370 3398 1752 3459 absolvetur?
1807 3398 2007 3460 Pmr..
2040 3399 2294 3460 Difficile
2317 3401 2490 3462 scitu.
2535 3403 2743 3464 Bnm..

450 3493 605 3574 Age,
623 3492 705 3551 mi
742 3489 1063 3572 patercule,
1102 3490 1181 3550 ud
1222 3491 1469 3552 meliors
1505 3502 1868 3554 convertere.
1952 3492 2086 3554 Hoc
2127 3503 2324 3554 sumto
2363 3493 2616 3568 calculo,
2658 3495 2740 3556 ad

452 3587 833 3668 posteriorem
862 3603 1069 3643 urnam
1096 3583 1417 3645 connivens
1446 3583 1694 3658 transili,
1721 3596 1784 3646 et
1805 3603 1938 3646 eum
1967 3585 2230 3659 absolve,
2253 3605 2292 3646 o
2311 3597 2497 3667 pater.
2541 3589 2640 3649 Pu
2651 3609 2742 3652 11..

452 3679 737 3739 Minime:
792 3696 931 3736 nem
972 3677 1258 3738 citharam
1308 3678 1546 3757 pulsare
1594 3678 1820 3738 nescio.
1904 3679 2108 3740 Bnnr..
2163 3681 2458 3760 Agedum,
2513 3683 2632 3742 hec
2681 3693 2742 3744 te

446 3771 719 3832 celeriter
746 3769 1204 3830 circumducam.
1257 3768 1457 3832 Pmr..
1488 3771 1672 3832 Estne
1695 3770 1826 3831 hoec
1855 3771 2014 3850 prior
2033 3772 2225 3832 urna?
2265 3774 2472 3835 Bner..
2502 3775 2744 3837 Haece.

450 3863 654 3924 Prin..
702 3863 833 3923 Huc
854 3861 1149 3924 demissus
1178 3871 1307 3924 esto
1348 3863 1515 3924 hicce
1558 3864 1845 3924 calculus.
1931 3864 2138 3926 Bon..
2183 3865 2488 3948 Deceptus
2527 3877 2641 3942 est,
2679 3880 2742 3929 et

452 3954 704 4016 absolvit
726 3954 1089 4035 imprudens.
1172 3957 1370 4017 Pmr..
1412 3957 1544 4037 Age
1571 3955 1872 4017 effundam
1898 3957 2160 4018 calculos
2188 3957 2390 4020 humi:
2445 3979 2583 4021 num
2619 3981 2742 4042 qun

448 4049 688 4109 fortuna
710 4048 1062 4108 certavimus
1054 4041 1111 4106 ‘³
1192 4049 1398 4110 an1..
1443 4051 1611 4110 Res·
1591 4069 1728 4130 ipsa
1756 4049 1986 4111 videtur
2013 4061 2346 4114 ostensura.
2406 4055 2738 4116 Absolutus

446 4159 542 4213 cs,
560 4159 597 4200 ο
626 4141 838 4202 Labes.
917 4141 1117 4215 Pater,
1143 4151 1331 4220 puter,
1350 4141 1496 4223 quid
1533 4141 1639 4204 tibi
1680 4143 1944 4203 eccidit?
2023 4143 2221 4206 Pmr..
2267 4145 2382 4207 Hei
2418 4146 2598 4207 mihi!
2635 4149 2738 4210 ubi

448 4241 545 4294 est
583 4232 782 4314 equa?
866 4233 1070 4295 Bnnr..
1114 4235 1308 4314 Erige,
1348 4235 1508 4316 erige
1547 4246 1608 4295 te
1651 4237 1864 4315 ipsum.
1947 4235 2144 4298 Pau..
2205 4237 2361 4298 Illud
2405 4239 2503 4301 dic
2557 4239 2734 4302 mihi.

448 4343 729 4386 reverene
756 4326 1064 4388 absolutus
1087 4336 1183 4389 est
1204 4326 1229 4386 ἲ
1310 4327 1517 4390 anr..
1559 4330 1658 4389 Ita
1681 4328 1902 4390 hercle.
1969 4329 2168 4392 Pan..
2195 4329 2412 4392 Nullus
2437 4351 2556 4411 ego
2581 4353 2739 4396 sum.

450 4417 660 4482 Bnm..
700 4421 797 4481 Ne
822 4419 907 4481 sis
936 4418 1243 4496 sollicitus,
1268 4442 1306 4482 o
1333 4424 1521 4492 bone:
1583 4421 1692 4484 sed
1721 4441 1917 4503 surge.
1969 4421 2164 4484 Pau..
2248 4425 2562 4493 Quomodo
2591 4445 2734 4504 ergo

450 4512 653 4595 id-ego
676 4512 817 4574 mihi
844 4513 1111 4577 conscire
1140 4523 1366 4596 potero,
1394 4517 1690 4579 hominem
1719 4535 1880 4578 reum
1907 4535 2040 4578 meo
2067 4516 2300 4580 calculo
2331 4517 2514 4580 fuisse
2555 4521 2728 4580 ubso-
