3059 5059
258 399 621 478 σει-628]
1322 393 1447 456 ΡΑ
1467 397 1546 460 x.
2461 407 2586 468 105

252 549 331 613 go
348 539 499 612 post
523 539 817 614 tempore.
895 527 1119 590 Ture.
1148 525 1331 590 Nunc
1358 527 1568 610 igitur,
1585 547 1624 592 o
1647 526 1786 604 viri,
1805 527 2124 594 adoremus
2151 530 2340 612 ptimo
2363 531 2581 610 Deam,

252 645 389 707 qum
424 623 603 686 nobis
632 622 861 686 ademit
882 621 1097 684 cristas
1122 631 1185 684 et
1206 621 1566 702 Gorgonas:
1609 632 1750 704 post
1776 622 1882 684 illa
1909 622 2116 686 danda
2142 641 2326 705 opera
2353 637 2422 687 ut
2459 627 2582 690 ses·-

252 719 378 780 tino
408 715 609 797 gradu
636 717 923 780 abeamus
952 714 1219 789 domum,
1246 713 1505 796 quisque
1528 715 1609 776 sd
1641 734 1810 778 suam
1839 715 2064 790 villam,
2091 718 2336 780 mercati
2365 720 2582 781 nonni-

252 811 337 872 hil
366 811 729 874 salsamenti
748 808 1010 872 melioris
1040 808 1101 868 in
1124 827 1351 890 agrum.
1436 810 1659 872 Mauo.
1685 807 1740 869 Ο
1765 808 2070 891 Neptune,
2108 829 2290 891 quam
2329 811 2582 891 pulchra

252 904 553 986 adspectu
574 922 779 966 eorum
805 903 1085 966 caterva!
1145 921 1325 982 quam
1354 899 1544 966 densa
1579 914 1642 964 et
1679 912 2020 984 compacta,
2059 903 2249 964 instar
2290 923 2476 966 mazm
2517 917 2582 968 et

252 1017 443 1063 eoum
460 997 811 1060 collatitiae!
853 995 1075 1059 Tuto.
1106 995 1382 1075 Namque
1402 995 1698 1058 mehercle
1725 997 1778 1058 si
1805 996 2131 1077 splendens
2150 998 2302 1059 bene
2321 997 2580 1060 instruc·

252 1101 353 1154 tus
370 1091 453 1152 sit
481 1090 758 1164 malleus,
786 1100 849 1152 et
884 1089 1173 1152 tridentes
1214 1091 1393 1152 rastri
1435 1091 1776 1170 refulgeant
1823 1090 1901 1151 ad
1951 1091 2166 1162 solem,
2215 1111 2420 1154 eorum
2462 1112 2579 1175 ope

254 1182 505 1264 pulchre
532 1193 924 1245 conserantur
952 1182 1235 1244 ordines:
1296 1193 1477 1264 atque
1504 1183 1658 1246 adeo
1676 1183 1804 1264 jam
1831 1184 2012 1264 cupio
2035 1184 2118 1245 ire
2144 1183 2206 1243 in
2244 1202 2476 1266 agrum,
2515 1198 2581 1250 et

248 1277 432 1357 longo
462 1286 605 1358 post
636 1289 901 1357 tempore
930 1287 1161 1338 vertere
1190 1285 1384 1338 rastro
1406 1277 1696 1357 agellum.
1781 1276 1926 1349 Sed,
1955 1295 1996 1338 o
2042 1277 2173 1350 viri,
2209 1289 2486 1340 revocate
2511 1280 2578 1340 in

250 1369 597 1432 memoriam
648 1369 961 1450 pristinam
1002 1369 1171 1431 illam
1215 1369 1453 1432 vivendi
1497 1371 1809 1443 rationem,
1849 1389 2028 1452 quam
2076 1372 2406 1450 praestabat
2457 1373 2598 1436 ista·

251 1462 390 1524 olim
420 1463 621 1536 vobis,
648 1475 713 1524 et
752 1463 983 1526 caricas
1026 1464 1419 1544 constipatus,
1462 1474 1527 1524 et
1573 1465 1746 1537 ficus,
1795 1475 1858 1524 et
1907 1473 2154 1545 myrtos,
2197 1476 2580 1546 mustumque

250 1554 395 1617 illud
422 1554 631 1626 dulce,
658 1567 1011 1637 pratumque
1038 1558 1327 1618 violarum
1354 1556 1505 1618 illud
1543 1557 1621 1617 ad
1665 1568 1930 1636 puteum,
1971 1567 2036 1617 et
2073 1556 2286 1630 olivas,
2327 1577 2579 1639 quarum

252 1649 581 1729 flagramus
610 1648 936 1723 desiderio,
956 1660 1019 1712 et
1040 1669 1148 1731 pro
1177 1650 1308 1712 istis
1334 1650 1493 1711 hanc
1535 1670 1697 1712 nunc
1740 1651 1958 1711 Divum
1998 1649 2275 1712 salutate.
2361 1652 2576 1714 Cnoa.

253 1741 455 1816 Salve,
486 1741 677 1814 salve,
704 1763 743 1804 o
768 1743 1115 1810 carissima:
1172 1763 1353 1824 quam
1382 1743 1939 1824 eupidisadvenisti
1975 1744 2148 1806 nobis
2191 1742 2316 1804 tui!
2365 1743 2578 1806 domiti

252 1835 407 1896 enim
436 1845 503 1896 et
522 1835 663 1896 victi
694 1855 903 1897 sumus
932 1836 1021 1898 tui
1048 1836 1369 1910 desiderio,
1410 1847 1471 1898 te
1518 1837 1714 1898 Deam
1757 1837 2072 1918 cupientes
2121 1838 2182 1896 in
2226 1857 2438 1917 agrum
2483 1857 2581 1902 re·

250 1947 471 1990 meare.
556 1927 797 2010 Quippe
826 1931 995 1992 nobis
1024 1949 1159 1991 eras
1200 1931 1518 1992 maximum
1549 1929 2032 2003 emolumentum,
2062 1949 2100 1990 o
2139 1931 2406 2010 expetita
2449 1950 2578 1991 om·

256 2022 455 2095 nibus,
488 2023 833 2105 quicunque
862 2024 1145 2085 rusticam
1176 2025 1511 2084 terebamus
1543 2025 1766 2086 vitam:
1813 2024 1946 2086 sola
1973 2023 2132 2084 enim
2159 2041 2272 2084 nos
2292 2024 2575 2102 juvabas.

252 2117 407 2178 Nam
437 2115 649 2178 multis
688 2118 1025 2178 fruebamur
1070 2117 1233 2191 olim,
1284 2128 1344 2178 te
1389 2118 1652 2198 vigente,
1693 2119 1872 2180 rebus
1922 2115 2218 2190 dulcibus,
2262 2137 2402 2197 qum
2445 2116 2575 2178 sine

252 2219 453 2272 sumtu
502 2223 567 2270 et
606 2225 797 2289 gratoe
838 2209 1211 2272 accidebant.
1296 2210 1533 2290 Quippe
1576 2212 1812 2274 rusticis
1853 2228 1987 2272 eras
2029 2229 2240 2270 recens
2281 2209 2572 2272 hordeum

254 2301 478 2364 sresum
510 2311 575 2363 et
600 2302 787 2366 salus.
874 2304 1084 2384 Itaque
1112 2303 1215 2364 tibi
1246 2317 1310 2365 et
1336 2305 1509 2376 vites,
1536 2315 1600 2364 et
1621 2315 1846 2366 teneroe
1871 2305 2046 2378 ficus,
2073 2313 2410 2384 ceteroeque
2446 2322 2576 2367 om-

250 2415 355 2472 nes
385 2395 607 2477 stirpes
640 2395 1023 2470 adridebunt,
1069 2409 1129 2458 te
1176 2397 1389 2478 cupide
1439 2398 1810 2478 recipientes.
1895 2397 2020 2458 Sed
2048 2396 2290 2456 ubinam
2321 2415 2362 2456 a
2397 2395 2572 2456 nobis

252 2488 444 2550 abfuit
468 2489 641 2550 istoec
665 2490 854 2551 multo
882 2491 999 2552 isto
1026 2490 1339 2570 tempore?
1386 2490 1503 2550 hoc
1541 2510 1650 2551 nos
1695 2490 1904 2562 edoce,
1945 2510 1984 2550 o
2026 2489 2270 2552 deorum
2314 2490 2574 2552 benero-

252 2583 611 2646 lsntissime.
694 2583 915 2646 Mune.
946 2585 1001 2644 Ο
1026 2583 1447 2663 sapientissimi
1469 2584 1774 2664 agricolas,
1801 2603 1934 2644 mea
1951 2584 2078 2664 jam
2117 2582 2400 2664 percipite
2440 2603 2574 2645 ver·-

251 2682 347 2752 ba‚
378 2678 431 2740 si
466 2677 647 2739 vultis
696 2677 903 2737 audire
944 2677 1125 2748 banc,
1164 2677 1468 2757 quomodo
1509 2677 1770 2757 perierit.
1855 2676 2060 2738 Prima
2099 2677 2342 2758 quidem
2384 2695 2574 2738 causa

250 2772 362 2834 fuit
389 2769 647 2833 Phidias
676 2770 938 2832 adversa.
962 2771 1204 2832 sonuua
1246 2791 1431 2839 usum
1488 2769 1710 2832 deinde
1757 2770 2018 2832 Pericles
2064 2779 2340 2832 metuens
2383 2789 2462 2830 ne
2508 2770 2572 2830 in

251 2877 481 2947 partem
512 2865 739 2929 veniret
770 2863 1042 2944 ejusdem
1082 2863 1387 2938 infortuni,
1428 2865 1571 2944 quia
1610 2863 1973 2925 formidabat
1997 2862 2260 2924 indolem
2291 2875 2570 2938 vestram,

250 2961 753 3041 prmsractumque
778 2957 1104 3037 ingenium,
1132 2959 1473 3039 priusquam
1517 2956 1746 3037 aliquid
1785 2957 1927 3017 mali
1968 2965 2293 3036 pateretur,
2323 2955 2452 3037 ipse
2478 2956 2572 3018 in·

246 3052 581 3114 flammavit
599 3051 1063 3131 rempublicam:
1116 3051 1335 3132 quippe
1364 3050 1587 3130 injecta
1615 3069 1802 3130 parva
1825 3049 2088 3110 scintilla
2103 3049 2328 3110 decreti
2357 3049 2570 3130 Mega·

246 3148 375 3220 rici,
405 3145 695 3208 excitavit
714 3155 946 3206 tantum
964 3143 1209 3217 bellum,
1238 3153 1307 3204 ut
1330 3163 1459 3224 prm
1486 3144 1651 3204 fumo
1677 3162 1884 3206 omnes
1927 3142 2126 3204 Groeci
2167 3142 2569 3215 lacrimarent,

246 3241 471 3322 quique
500 3238 643 3312 illic,
672 3239 892 3318 quique
922 3237 1020 3298 hic
1048 3249 1211 3298 sunt.
1299 3239 1383 3298 Ut
1420 3247 1621 3298 autem
1648 3237 1900 3317 primurn
1941 3235 2128 3298 semel
2155 3235 2384 3298 audivit
2408 3237 2568 3312 vitis,

246 3334 502 3413 crepuit,
518 3344 582 3394 et
600 3329 789 3394 cadus
806 3350 1129 3412 percussus
1156 3331 1441 3394 iracunde
1464 3331 1860 3393 recalcitravit
1871 3330 2110 3392 cadum.
2154 3329 2292 3393 Non
2314 3331 2568 3412 amplius

244 3437 375 3488 erat
398 3427 745 3507 quisquam,
772 3426 875 3506 qui
904 3425 1037 3486 boec
1068 3424 1343 3486 sedaret:
1394 3425 1529 3504 ipsa
1557 3434 1756 3486 autem
1786 3425 1916 3486 Pax
1949 3423 2264 3504 disparuit.
2345 3425 2562 3486 Turro.

252 3520 405 3582 Hoc
434 3539 608 3592 sane,
638 3520 724 3580 ita
749 3539 846 3580 me
873 3518 1093 3600 Apollo
1116 3531 1299 3594 amet,
1326 3538 1401 3580 ex
1432 3519 1668 3580 nemine
1698 3520 2073 3591 resciveram,
2109 3538 2222 3580 nec
2261 3519 2566 3598 quomodo

246 3635 385 3676 cum
416 3633 496 3676 ea
522 3614 877 3693 conjunctus
906 3623 1069 3676 esset
1120 3611 1383 3686 Phidias,
1430 3612 1798 3674 audiveram.
1882 3613 2096 3674 Crron.
2127 3611 2256 3673 Nec
2284 3631 2420 3694 ego,
2447 3613 2564 3674 nisi

244 3728 407 3770 nunc
424 3728 445 3768 t
480 3716 791 3788 propterea
818 3725 961 3786 ergo
990 3706 1251 3770 formosa
1272 3717 1401 3769 erat
1426 3707 1580 3780 Pax,
1609 3716 1820 3788 utpote
1848 3725 2064 3784 genere
2089 3705 2176 3766 illi
2203 3704 2562 3786 conjuncta:

244 3801 439 3864 mults
470 3819 625 3862 sana
650 3800 825 3860 nobis
848 3800 1060 3862 latent.
1145 3800 1366 3862 Mune.
1406 3801 1642 3862 Deinde
1685 3811 2004 3881 postquam
2044 3809 2381 3882 coguorunt
2419 3800 2564 3862 civi·

246 3905 429 3968 tates,
454 3894 675 3974 quibus
705 3893 1108 3974 imperabatis,
1134 3914 1245 3955 vos
1282 3912 1416 3955 esse
1459 3894 1628 3954 vobis
1669 3895 1920 3956 invicem
1965 3903 2374 3974 exasperatos,
2413 3892 2564 3956 den-

246 3999 463 4068 tesque
486 3987 866 4067 restringere,
878 3987 1081 4048 omnia
1098 3987 1157 4048 in
1181 4007 1289 4048 vos
1310 3988 1802 4049 machinabantur
1816 3989 2166 4061 tributorum
2185 3998 2346 4048 metu
2354 3997 2446 4061 ,et
2461 4007 2566 4068 pe-

246 4083 563 4144 cuniarum
590 4078 1003 4160 largitionibus
1030 4081 1093 4140 in
1134 4091 1333 4162 partes
1378 4099 1523 4143 suas
1566 4081 1952 4143 adducebant
1979 4079 2564 4144 Lacedaemoniorum

249 4175 547 4252 primores
572 4192 590 4232 ε
620 4172 719 4233 isti
746 4183 966 4248 autem,
992 4184 1203 4255 utpote
1230 4175 1501 4236 homines
1533 4175 1756 4236 sordidi
1777 4183 2130 4256 appetentes
2170 4175 2342 4248 lucri,
2369 4187 2564 4236 exter·

252 4287 445 4349 osque
474 4266 751 4347 decipere
780 4269 953 4341 sueti,
982 4268 1098 4331 hac
1139 4269 1391 4350 turpiter
1418 4269 1673 4350 abjecta,
1702 4267 1920 4330 bellum
1951 4268 2361 4348 arripuerunt:
2390 4267 2558 4328 dein-

252 4361 330 4423 de
358 4361 599 4422 illorum
626 4360 793 4423 lucra
833 4362 1111 4442 agricolis
1160 4373 1331 4424 eraut
1374 4361 1826 4424 intertrimentd.
1909 4360 2067 4422 Nam
2114 4362 2379 4422 triremes
2421 4359 2560 4448 binc

254 4455 458 4516 missae
486 4454 567 4516 ad
600 4455 982 4518 ulciscendas
1036 4457 1301 4538 injurias,
1349 4457 1656 4519 hominum
1707 4457 1884 4518 etiam
1931 4455 2362 4519 immerentium
2409 4454 2560 4515 ficus

256 4549 747 4710 comejlqebantka
758 4551 974 4614 Cuoa.
1006 4552 1193 4616 Immo
1216 4552 1449 4627 merito,
1476 4551 1761 4632 quoniam
1787 4551 1966 4612 ticum
1993 4567 2186 4612 meam
2211 4546 2564 4700 excigerunt

488 4646 626 4713 rint,
754 4653 805 4709 t.
