3059 5059
513 427 652 491 ,ινδ
1255 419 2049 484 ΑιιιετοΡιιΑιιιε
2476 418 2809 504 [em-591

531 576 838 638 nunquam
865 553 1184 617 defetiscar
1211 551 1528 627 saltando,
1543 573 1737 633 neque
1766 551 2061 614 lassitudo
2101 551 2357 614 molesta
2396 551 2594 634 capiet
2632 567 2819 631 genua

529 670 700 712 mea:
753 650 1008 730 veloque
1031 648 1194 710 adire
1221 667 1396 708 omne
1422 647 1753 729 periculum
1780 665 1918 708 eum
1944 645 2099 718 istis,
2128 644 2365 729 virtutis
2386 659 2592 719 causa,
2614 643 2813 726 quibus

530 741 687 804 inest
715 742 1040 823 ingenium,
1065 741 1226 801 inest
1251 739 1462 821 gratia,
1489 740 1649 802 inest
1688 737 1961 812 audacia,
2002 739 2163 800 inest
2198 749 2262 802 et
2296 736 2625 820 sapientia,
2666 737 2818 797 inest

533 834 778 897 addicta
800 834 1138 915 reipublicae
1165 833 1350 895 virtus
1379 853 1514 894 cum
1554 833 1873 914 prudentia
1908 831 2257 920 conjuncta.
2340 831 2462 894 Sed
2502 851 2543 892 o
2581 829 2817 893 fortissi-

529 948 755 989 marum
783 927 1066 1002 aviarum,
1093 937 1154 989 et
1182 937 1346 988 tactu
1373 925 1667 988 urentium
1710 926 2165 1005 matercularum
2206 927 2545 1008 progenies,
2582 926 2659 987 ite
2696 925 2821 985 ani-

531 1042 629 1082 mo
657 1020 888 1081 ardenti
919 1031 978 1081 et
1001 1040 1079 1081 ne
1101 1020 1392 1082 mitescite
1418 1040 1434 1081 ε
1465 1038 1605 1080 nam
1628 1019 1827 1081 adhuc
1848 1019 2115 1082 secundo
2136 1020 2597 1082 ventocurritis.
2672 1018 2821 1080 LYs.

531 1114 655 1175 Sed
682 1114 733 1174 si
761 1113 1000 1194 Cupido
1024 1114 1124 1174 ille
1147 1113 1362 1188 dulcis,
1391 1124 1454 1175 et
1479 1113 1702 1195 Cypria
1719 1114 1947 1188 Venus,
1978 1133 2237 1174 amorem
2266 1115 2433 1176 vobis
2458 1114 2517 1174 in
2552 1113 2733 1174 sinum
2754 1121 2819 1172 et

530 1207 592 1268 in
621 1207 843 1267 femina
869 1206 1282 1289 inspiraverit;
1340 1206 1559 1268 deinde
1614 1225 1753 1268 vero
1808 1207 1859 1268 si
1916 1208 2055 1268 viris
2086 1207 2461 1288 ,tentiginem
2505 1204 2821 1287 jucundam

527 1300 986 1380 ingeneraverit,
1014 1310 1083 1361 ut
1107 1302 1278 1381 quasi
1305 1300 1555 1362 baculos
1590 1320 1773 1381 penes
1797 1301 2050 1381 erigant,
2098 1321 2273 1381 spero
2315 1301 2443 1362 for'e
2486 1298 2820 1380 aliquando,

525 1404 597 1454 ut
617 1393 996 1474 ,lysimachea
1023 1411 1061 1454 a
1087 1394 1318 1455 Graecis
1369 1393 1731 1455 vocitemur.·
1799 1393 2013 1456 Paov.
2058 1394 2385 1464 Quodnam
2408 1395 2506 1456 ‘ob
2552 1391 2821 1456 facinus?

529 1485 686 1547 LYs.
743 1487 808 1547 Si
862 1484 1252 1555 effecerimus,
1307 1497 1376 1546 ut
1415 1485 1700 1548 desinant
1718 1494 1867 1548 cum‘
1898 1488 2076 1548 armis
2106 1488 2168 1548 in
2196 1488 2326 1550 soro
2348 1486 2565 1548 versari
2590 1485 2825 1548 etiosa-

527 1577 677 1640 nire.
759 1578 946 1642 Mur..
985 1578 1220 1648 Qum).
1266 1580 1561 1654 Maxime,
1581 1580 1666 1642 ita
1718 1600 1812 1641 me
1868 1579 2363 1660 Paphia‚Venus
2414 1590 2589 1643 amet.
2631 1579 2823 1642 .L1s.

529 1669 712 1732 Nunc
763 1671 923 1732 enim
977 1681 1041 1733 et
1093 1693 1216 1753 qua
1267 1672 1430 1748 ollae,
1491 1682 1556 1733 et
1608 1692 1732 1753 qua
1797 1672 2180 1738 venduntur*
2209 1673 2394 1747 olera,
2423 1672 2829 1734 'obambulant

525 1784 633 1845 per
652 1763 844 1825 forum
893 1785 1028 1825 cum
1081 1766 1288 1838 armis,
1336 1767 1511 1846 quasi
1568 1766 1966 1847 Corybantes.
2013 1766 2249 1828 .Pnov.
2300 1769 2395 1828 Ita
2443 1767 2681 1829 hercle:
2736 1767 2827 1830 sic

523 1857 686 1918 enim
711 1857 894 1919 fortes
923 1857 1117 1919 decet.
1189 1859 1349 1919 Lrs.
1374 1858 1653 1921 Profecto
1681 1878 1777 1919 res
1822 1869 1917 1921 est
1960 1859 2230 1936 ridicula,
2275 1861 2327 1921 si
2372 1862 2509 1941 quis
2552 1861 2824 1942 clypeum

525 1950 826 2031 Gorgonis
867 1951 1063 2030 capite
1112 1951 1477 2032 insignitum.
1501 1963 1735 2026 tenens,
1776 1963 1937 2014 emat
1977 1954 2306 2019 coraciuos'.
2386 1954 2567 2018 Mur..
2596 1953 2829 2024 Qum).

527 2042 668 2103 Vidi
705 2041 980 2123 equidem
1029 2053 1263 2104 ecastor
1315 2056 1615 2106 comatum
1664 2046 1985 2125 quemdam
2032 2051 2298 2129 equitum
2352 2049 2671 2124 tribunum,
2723 2049 2830 2130 qui

524 2154 682 2216 equo
707 2133 975 2198 insidens
1005 2137 1064 2196 in
1094 2157 1316 2198 aereum
1368 2137 1589 2218 pileum
1643 2137 1943 2218 injiciebat
1992 2161 2169 2223 ovum
2219 2162 2258 2203 a
2304 2143 2505 2204 vetula
2552 2153 2835 2206 sumtum.

525 2229 725 2290 Thrax
750 2248 888 2290 vero
915 2229 1069 2291 alius
1096 2231 1321 2311 peltam
1349 2231 1627 2313 quatiens
1654 2243 1719 2292 et
1747 2231 2040 2313 jaculum,
2060 2236 2171 2296 «uti
2212 2236 2459 2312 Tereus,
2496 2237 2839 2298 terrefacie-

525 2323 634 2394 bat
649 2322 974 2385 caricarum
1005 2323 1416 2397 venditricem,
1441 2335 1502 2386 et
1529 2326 1679 2386 fiens
1706 2335 1975 2386 maturas
1994 2326 2387 2408 deglutiebat.
2426 2329 2634 2392 Ριιον.
2662 2330 2837 2400 Quo-

525 2415 710 2478 modo
736 2416 914 2498 igitnr
939 2417 1207 2498 poteritis
1236 2437 1344 2479 vos
1397 2419 1669 2479 turbatas
1714 2439 1809 2480 res
1860 2420 2077 2480 multas
2108 2420 2344 2494 sedare‘,
2396 2433 2460 2483 et
2505 2421 2835 2486 dissolvere
2953 2409 2954 2422 ¹

525 2510 589 2570 in
634 2509 1009 2591 regionibus?
1091 2511 1240 2572 Lvs.
1273 2510 1584 2573 Perfacile.
1668 2513 1879 2574 Paov.
1911 2512 2272 2581 Quomodo?
2320 2515 2592 2577 ostende.
2676 2516 2837 2580 Lrs.

527 2604 718 2666 Sicuti
741 2604 862 2678 fila,
893 2623 1076 2684 quum
1102 2605 1273 2665 nobis
1305 2616 1443 2664 sunt
1468 2605 1724 2676 turbata,
1753 2604 1841 2667 sic
1866 2605 2313 2686 prehendimus,
2340 2619 2403 2668 et
2442 2607 2839 2672 subducimus

527 2697 678 2758 susis
713 2695 830 2758 hac
859 2709 922 2758 et
958 2697 1131 2767 illac·
1181 2699 1266 2760 ita
1309 2708 1372 2759 et
1406 2697 1629 2759 bellum
1684 2698 1849 2760 istud
1896 2698 2315 2774 dissolvemus,
2364 2701 2415 2761 si
2462 2703 2595 2782 quis
2642 2703 2841 2799 ⁸uiuat,

509 2791 880 2862 ,diducentes
909 2788 971 2850 id
999 2813 1103 2872 per
1123 2792 1452 2872 legationes
1494 2791 1609 2853 hac
1652 2802 1713 2853 et
1764 2792 1923 2854 illac.
2006 2793 2217 2857 Pnov.
2266 2795 2359 2855 Ex
2400 2794 2543 2856 lana
2580 2816 2727 2878 ergo
2776 2808 2843 2858 et

523 2884 640 2944 filis
669 2894 732 2945 et
751 2884 898 2945 fusis
927 2905 1022 2945 res
1050 2885 1436 2966 periculosas,
1485 2905 1524 2946 o
1569 2884 1774 2958 fatuae,
1816 2904 1925 2947 vos
1965 2889 2189 2967 putatis
2236 2887 2631 2950 sedaturas?
2679 2890 2843 2952 Lts.

527 2977 608 3039 Et
651 2996 778 3050 vos,
809 2978 862 3038 si
905 2979 1070 3039 vobis
1115 2978 1340 3058 aliquid
1393 2979 1619 3042 inesset
1670 2985 1843 3042 sanoe'
1892 2981 2132 3057 mentis,
2185 3001 2278 3042 ex·
2312 2993 2517 3046 nostro
2571 2982 2843 3046 lanificio

529 3081 726 3134 sumto
799 3073 1068 3152 exemplo
1138 3073 1563 3153 rempublicam
1628 3073 2139 3136 administraretis.
2206 3119 2213 3126 ·
2246 3075 2460 3140 Paov.
2523 3075 2848 3147 Quidum?

525 3163 624 3226 sac
675 3162 926 3225 videam.
1011 3165 1164 3226 LYs.
1209 3165 1469 3226 Primum
1490 3165 1735 3246 quidem
1784 3169 2097 3248 oportebat
2131 3189 2263 3244 voS,
2296 3179 2593 3252 'tanquam
2634 3170 2853 3232 lanam

525 3257 588 3318 in
635 3256 874 3331 balne0,
921 3256 1188 3319 eluentes
1243 3259 1472 3333 sordes,
1526 3259 1797 3322 homines
1854 3280 2113 3342 nequam
2164 3263 2497 3344 praecipites
2552 3283 2632 3324 ex
2690 3265 2853 3325 urbe

524 3350 703 3430 virgis
733 3349 1045 3430 expellere,
1066 3362 1127 3410 et
1155 3351 1402 3412 tribulos
1431 3351 1719 3434 seligere;
1768 3366 1831 3416 et
1870 3355 2017 3416 istos
2060 3357 2163 3436 qui
2204 3356 2358 3418 inter
2398 3377 2467 3418 se
2505 3357 2856 3432 cohaerent,

517 3453 588 3524 ‘et
603 3464 736 3507 sese
761 3443 1012 3505 trudunt
1037 3445 1421 3525 magistratus
1463 3446 1837 3523 affectantes,
1876 3447 2231 3524 distrahere,
2272 3469 2593 3531 eorumque
2634 3451 2859 3531 capita

526 3537 855 3602 defloccare
880 3551 908 3598 τ’
951 3537 1166 3600 deinde
1194 3559 1399 3600 omnes
1427 3541 1488 3600 in
1525 3541 1827 3626 calathum
1868 3543 2195 3604 carminare
2234 3563 2609 3605 communem
2650 3545 2859 3606 bene—

526 3631 868 3706 volentiam,
888 3632 1272 3697 immiscendo
1300 3644 1362 3694 et
1387 3634 1733 3714 inquilinos,
1758 3645 1821 3696 ct
1844 3635 1897 3696 si
1922 3636 2054 3716 quis
2080 3636 2301 3718 hospes
2340 3649 2446 3699 aut
2484 3637 2725 3698 amicus
2770 3637 2865 3700 sit

528 3726 734 3796 vobis:
792 3737 854 3788 et
881 3727 934 3788 si
975 3728 1108 3806 quis
1163 3727 1383 3789 debeat
1434 3728 1665 3803 aerario,
1721 3728 1833 3791 hos
1888 3749 2126 3810 quoque
2176 3730 2585 3792 immiscendo.
2679 3731 2865 3801 Quin

524 3820 704 3881 etiam
733 3821 930 3894 urbes,
957 3839 1106 3900 quas
1134 3818 1376 3882 deducti
1405 3841 1480 3884 ex
1506 3821 1623 3884 hac
1651 3833 1807 3884 terra
1834 3823 2033 3885 coloni
2062 3835 2289 3898 tenent,
2314 3825 2465 3886 scire
2504 3844 2639 3884 vos.
2660 3844 2869 3905 opor-

529 3913 694 3974 tebat
707 3913 889 3975 veluti
919 3913 1213 3992 glomeres
1239 3914 1530 3994 quosdam
1558 3916 1731 3976 nobis
1745 3916 1969 3995 jacere,
1993 3937 2261 3978 seorsum
2281 3918 2546 3998 singulas
2570 3937 2588 3978 ε
2617 3917 2875 3981 deinde

530 4006 606 4066 ab
635 4007 764 4067 istis
782 4007 1068 4078 omnibus
1097 4026 1329 4070 sumere
1359 4011 1673 4090 oportebat
1704 4010 1893 4082 filum,
1914 4009 2153 4090 hucque
2182 4011 2503 4084 adducere,
2528 4022 2591 4072 et
2638 4013 2879 4072 omnia

526 4099 588 4158 in
617 4119 800 4159 unum
827 4119 1064 4180 cogere,
1105 4100 1324 4162 deinde
1368 4102 1567 4163 facere
1614 4103 1939 4182 glomerem
1987 4124 2293 4184 magnum,
2322 4115 2383 4165 et
2407 4124 2481 4164 ex
2509 4124 2584 4164 eo
2630 4116 2873 4166 texere
2953 4177 2954 4184 ἵ

529 4191 762 4286 Pop-ulo
790 4190 1028 4254 laenam.
1115 4193 1322 4256 Puov.
1354 4196 1571 4256 Nonne
1608 4195 1917 4302 indignum
1960 4210 2055 4258 est
2093 4197 2225 4258 haec
2256 4200 2401 4259 istas
2439 4197 2601 4258 lanae
2648 4198 2877 4259 instar

527 4305 784 4366 purgare
839 4296 903 4347 et
955 4286 1301 4367 glomerare,
1351 4308 1488 4368 quae
1546 4288 1685 4348 belli
1726 4288 1964 4351 minime
2026 4292 2361 4372 participes
2385 4290 2569 4352 sunt?
2689 4291 2885 4354 Lare.

513 4380 732 4461 Atqui,
773 4400 810 4440 o
838 4379 1312 4456 sceleratissime,
1352 4382 1669 4462 plusquam
1698 4381 1948 4463 duplum
1976 4384 2039 4444 id
2087 4385 2361 4489 ‘fer-imus,
2408 4405 2545 4464 quoe
2572 4383 2889 4465 primum
2953 4427 2954 4430 ,

527 4473 768 4551 quidem
838 4475 1174 4554 peperimus
1241 4475 1416 4549 filios,
1475 4487 1539 4536 et
1606 4485 1865 4538 armatos
1932 4477 2258 4541 emisimus.
2370 4477 2581 4540 Ριιοιτ.
2640 4477 2843 4540 Tace
2872 4498 2895 4539 z

527 4564 648 4626 noli
669 4568 1003 4630 meminisse
1031 4569 1335 4632 malorum.
1393 4571 1545 4632 Lrs.
1576 4569 1833 4646 Deinde,
1860 4570 2363 4656 quandoioportet
2386 4592 2499 4635 nos
2526 4571 2905 4646 oblectari,
