<?xml version="1.0" encoding="UTF-8"?>
<!DOCTYPE html PUBLIC "-//W3C//DTD XHTML 1.0 Transitional//EN"
    "http://www.w3.org/TR/xhtml1/DTD/xhtml1-transitional.dtd">
<html xmlns="http://www.w3.org/1999/xhtml" xml:lang="en" lang="en">
 <head>
  <title>
</title>
<meta http-equiv="Content-Type" content="text/html;charset=utf-8" />
  <meta name='ocr-system' content='tesseract 3.04.00' />
  <meta name='ocr-capabilities' content='ocr_page ocr_carea ocr_par ocr_line ocrx_word'/>
</head>
<body>
  <div class='ocr_page' id='page_1' title='image "./comdicumscholii00bekkgoog_0145.png"; bbox 0 0 3059 5059; ppageno 0'>
   <div class='ocr_carea' id='block_1_1' title="bbox 262 323 2562 404">
    <p class='ocr_par' dir='ltr' id='par_1_1' title="bbox 262 323 2562 404">
     <span class='ocr_line' id='line_1_1' title="bbox 262 323 2562 404; baseline 0.003 -20"><span class='ocrx_word' id='word_1_1' title='bbox 262 326 633 404; x_wconf 72' lang='lat' dir='ltr'><strong>sos-6671</strong></span> <span class='ocrx_word' id='word_1_2' title='bbox 1054 365 1057 370; x_wconf 84' lang='lat'>.</span> <span class='ocrx_word' id='word_1_3' title='bbox 1262 324 1541 385; x_wconf 62' lang='lat' dir='ltr'><strong>Aves</strong></span> <span class='ocrx_word' id='word_1_4' title='bbox 2253 323 2260 328; x_wconf 82' lang='grc'><em>·</em></span> <span class='ocrx_word' id='word_1_5' title='bbox 2447 332 2562 392; x_wconf 85' lang='lat'><strong>129</strong></span> 
     </span>
    </p>
   </div>
   <div class='ocr_carea' id='block_1_2' title="bbox 256 451 2578 4614">
    <p class='ocr_par' dir='ltr' id='par_1_2' title="bbox 256 451 2578 4614">
     <span class='ocr_line' id='line_1_2' title="bbox 260 451 2558 539; baseline 0.002 -25"><span class='ocrx_word' id='word_1_6' title='bbox 260 463 433 515; x_wconf 82' lang='lat' dir='ltr'><strong>certo</strong></span> <span class='ocrx_word' id='word_1_7' title='bbox 457 453 701 531; x_wconf 79' lang='lat' dir='ltr'><strong>habeas,</strong></span> <span class='ocrx_word' id='word_1_8' title='bbox 730 453 1023 516; x_wconf 85' lang='lat' dir='ltr'><strong>hominem</strong></span> <span class='ocrx_word' id='word_1_9' title='bbox 1054 453 1155 534; x_wconf 89' lang='lat' dir='ltr'><strong>qui</strong></span> <span class='ocrx_word' id='word_1_10' title='bbox 1182 451 1432 516; x_wconf 82' lang='lat' dir='ltr'><strong>adversa</strong></span> <span class='ocrx_word' id='word_1_11' title='bbox 1461 462 1662 514; x_wconf 83' lang='lat' dir='ltr'><strong>utatur</strong></span> <span class='ocrx_word' id='word_1_12' title='bbox 1687 454 1954 528; x_wconf 77' lang='lat' dir='ltr'><strong>fortuna,</strong></span> <span class='ocrx_word' id='word_1_13' title='bbox 1971 460 2264 521; x_wconf 86' lang='lat' dir='ltr'><strong>neminem</strong></span> <span class='ocrx_word' id='word_1_14' title='bbox 2313 477 2558 539; x_wconf 81' lang='lat' dir='ltr'><strong>prorsus</strong></span> 
     </span>
     <span class='ocr_line' id='line_1_3' title="bbox 262 545 2560 634; baseline 0.003 -30"><span class='ocrx_word' id='word_1_15' title='bbox 262 563 481 606; x_wconf 83' lang='lat' dir='ltr'><strong>sanum</strong></span> <span class='ocrx_word' id='word_1_16' title='bbox 510 567 665 610; x_wconf 88' lang='lat' dir='ltr'><strong>esse.</strong></span> <span class='ocrx_word' id='word_1_17' title='bbox 752 548 867 608; x_wconf 71' lang='grc' dir='ltr'><strong>ΕΡ.</strong></span> <span class='ocrx_word' id='word_1_18' title='bbox 894 548 978 607; x_wconf 87' lang='lat' dir='ltr'><strong>At</strong></span> <span class='ocrx_word' id='word_1_19' title='bbox 1001 566 1123 627; x_wconf 92' lang='lat' dir='ltr'><strong>quo</strong></span> <span class='ocrx_word' id='word_1_20' title='bbox 1149 546 1391 608; x_wconf 87' lang='lat' dir='ltr'><strong>tandem</strong></span> <span class='ocrx_word' id='word_1_21' title='bbox 1444 545 1624 607; x_wconf 89' lang='lat' dir='ltr'><strong>modo</strong></span> <span class='ocrx_word' id='word_1_22' title='bbox 1679 547 1757 608; x_wconf 85' lang='lat' dir='ltr'><strong>ad</strong></span> <span class='ocrx_word' id='word_1_23' title='bbox 1813 561 2113 612; x_wconf 77' lang='lat' dir='ltr'><strong>senectam</strong></span> <span class='ocrx_word' id='word_1_24' title='bbox 2173 553 2560 634; x_wconf 73' lang='lat' dir='ltr'><strong>pervenient?</strong></span> 
     </span>
     <span class='ocr_line' id='line_1_4' title="bbox 268 637 2562 724; baseline 0.003 -26"><span class='ocrx_word' id='word_1_25' title='bbox 268 637 509 700; x_wconf 80' lang='lat' dir='ltr'><strong>Etenim</strong></span> <span class='ocrx_word' id='word_1_26' title='bbox 534 639 639 700; x_wconf 89' lang='lat' dir='ltr'><strong>illa</strong></span> <span class='ocrx_word' id='word_1_27' title='bbox 669 660 907 721; x_wconf 88' lang='lat' dir='ltr'><strong>quoque</strong></span> <span class='ocrx_word' id='word_1_28' title='bbox 933 650 1029 701; x_wconf 83' lang='lat' dir='ltr'><strong>est</strong></span> <span class='ocrx_word' id='word_1_29' title='bbox 1054 641 1113 700; x_wconf 89' lang='lat' dir='ltr'><strong>in</strong></span> <span class='ocrx_word' id='word_1_30' title='bbox 1144 639 1434 720; x_wconf 74' lang='lat' dir='ltr'><strong>Olympo:</strong></span> <span class='ocrx_word' id='word_1_31' title='bbox 1468 649 1568 700; x_wconf 71' lang='lat' dir='ltr'><strong>&#39;an</strong></span> <span class='ocrx_word' id='word_1_32' title='bbox 1596 659 1736 701; x_wconf 81' lang='lat' dir='ltr'><strong>vero</strong></span> <span class='ocrx_word' id='word_1_33' title='bbox 1763 643 1823 702; x_wconf 91' lang='lat' dir='ltr'><strong>in</strong></span> <span class='ocrx_word' id='word_1_34' title='bbox 1853 644 2172 724; x_wconf 78' lang='lat' dir='ltr'><strong>puerilibus</strong></span> <span class='ocrx_word' id='word_1_35' title='bbox 2200 647 2370 707; x_wconf 87' lang='lat' dir='ltr'><strong>annis</strong></span> <span class='ocrx_word' id='word_1_36' title='bbox 2413 647 2562 708; x_wconf 89' lang='lat' dir='ltr'><strong>mori</strong></span> 
     </span>
     <span class='ocr_line' id='line_1_5' title="bbox 260 732 2558 818; baseline 0.004 -27"><span class='ocrx_word' id='word_1_37' title='bbox 260 749 373 792; x_wconf 83' lang='lat' dir='ltr'><strong>eos</strong></span> <span class='ocrx_word' id='word_1_38' title='bbox 401 732 678 812; x_wconf 74' lang='lat' dir='ltr'><strong>oportet?</strong></span> <span class='ocrx_word' id='word_1_39' title='bbox 761 734 995 795; x_wconf 75' lang='lat' dir='ltr'><strong>Pis-ru.</strong></span> <span class='ocrx_word' id='word_1_40' title='bbox 1020 733 1277 794; x_wconf 82' lang='lat' dir='ltr'><strong>Tantum</strong></span> <span class='ocrx_word' id='word_1_41' title='bbox 1294 732 1494 794; x_wconf 86' lang='lat' dir='ltr'><strong>hercle</strong></span> <span class='ocrx_word' id='word_1_42' title='bbox 1518 733 1711 807; x_wconf 86' lang='lat' dir='ltr'><strong>abest,</strong></span> <span class='ocrx_word' id='word_1_43' title='bbox 1755 745 1824 796; x_wconf 87' lang='lat' dir='ltr'><strong>ut</strong></span> <span class='ocrx_word' id='word_1_44' title='bbox 1863 747 2160 799; x_wconf 85' lang='lat' dir='ltr'><strong>trecentos</strong></span> <span class='ocrx_word' id='word_1_45' title='bbox 2199 739 2345 818; x_wconf 83' lang='lat' dir='ltr'><strong>ipsis</strong></span> <span class='ocrx_word' id='word_1_46' title='bbox 2387 739 2558 800; x_wconf 82' lang='lat' dir='ltr'><strong>addi·-</strong></span> 
     </span>
     <span class='ocr_line' id='line_1_6' title="bbox 264 824 2560 911; baseline 0.005 -29"><span class='ocrx_word' id='word_1_47' title='bbox 264 824 403 883; x_wconf 85' lang='lat' dir='ltr'><strong>turi·</strong></span> <span class='ocrx_word' id='word_1_48' title='bbox 443 825 565 885; x_wconf 86' lang='lat' dir='ltr'><strong>sint</strong></span> <span class='ocrx_word' id='word_1_49' title='bbox 604 845 743 888; x_wconf 81' lang='lat' dir='ltr'><strong>aves</strong></span> <span class='ocrx_word' id='word_1_50' title='bbox 788 845 1000 888; x_wconf 68' lang='lat' dir='ltr'><strong>unos.</strong></span> <span class='ocrx_word' id='word_1_51' title='bbox 1084 825 1198 888; x_wconf 75' lang='lat' dir='ltr'><strong>Er.</strong></span> <span class='ocrx_word' id='word_1_52' title='bbox 1230 826 1284 885; x_wconf 88' lang='lat' dir='ltr'>A</span> <span class='ocrx_word' id='word_1_53' title='bbox 1324 825 1487 906; x_wconf 69' lang='lat' dir='ltr'><strong>quo?</strong></span> <span class='ocrx_word' id='word_1_54' title='bbox 1572 825 1804 889; x_wconf 62' lang='lat' dir='ltr'><strong>Pisa-11.</strong></span> <span class='ocrx_word' id='word_1_55' title='bbox 1849 829 2141 909; x_wconf 74' lang='lat' dir='ltr'><strong>Rogitas?</strong></span> <span class='ocrx_word' id='word_1_56' title='bbox 2197 850 2234 890; x_wconf 85' lang='lat' dir='ltr'><strong>a</strong></span> <span class='ocrx_word' id='word_1_57' title='bbox 2281 851 2348 892; x_wconf 83' lang='lat' dir='ltr'><strong>se</strong></span> <span class='ocrx_word' id='word_1_58' title='bbox 2393 832 2560 911; x_wconf 86' lang='lat' dir='ltr'><strong>ipsis.</strong></span> 
     </span>
     <span class='ocr_line' id='line_1_7' title="bbox 264 915 2562 998; baseline 0.004 -22"><span class='ocrx_word' id='word_1_59' title='bbox 264 915 521 978; x_wconf 81' lang='lat' dir='ltr'><strong>Nescin’</strong></span> <span class='ocrx_word' id='word_1_60' title='bbox 546 919 807 998; x_wconf 89' lang='lat' dir='ltr'><strong>quinque</strong></span> <span class='ocrx_word' id='word_1_61' title='bbox 834 919 1135 980; x_wconf 83' lang='lat' dir='ltr'><strong>hominum</strong></span> <span class='ocrx_word' id='word_1_62' title='bbox 1162 927 1373 980; x_wconf 77' lang='lat' dir='ltr'><strong>aetates</strong></span> <span class='ocrx_word' id='word_1_63' title='bbox 1399 919 1594 981; x_wconf 81' lang='lat' dir='ltr'><strong>vivere</strong></span> <span class='ocrx_word' id='word_1_64' title='bbox 1623 920 1930 982; x_wconf 77' lang='lat' dir='ltr'>stridulam</span> <span class='ocrx_word' id='word_1_65' title='bbox 1951 923 2292 986; x_wconf 72' lang='lat' dir='ltr'><strong>cornicem?</strong></span> <span class='ocrx_word' id='word_1_66' title='bbox 2353 925 2562 985; x_wconf 75' lang='lat' dir='ltr'><strong>Eunt..</strong></span> 
     </span>
     <span class='ocr_line' id='line_1_8' title="bbox 260 1008 2561 1096; baseline 0.005 -28"><span class='ocrx_word' id='word_1_67' title='bbox 260 1008 507 1090; x_wconf 66' lang='lat' dir='ltr'><strong>Papa?</strong></span> <span class='ocrx_word' id='word_1_68' title='bbox 560 1023 785 1091; x_wconf 86' lang='lat' dir='ltr'><strong>quanto</strong></span> <span class='ocrx_word' id='word_1_69' title='bbox 808 1023 1060 1092; x_wconf 78' lang='lat' dir='ltr'><strong>proestat</strong></span> <span class='ocrx_word' id='word_1_70' title='bbox 1084 1011 1194 1073; x_wconf 87' lang='lat' dir='ltr'><strong>hos</strong></span> <span class='ocrx_word' id='word_1_71' title='bbox 1224 1013 1393 1072; x_wconf 88' lang='lat' dir='ltr'><strong>nobis</strong></span> <span class='ocrx_word' id='word_1_72' title='bbox 1420 1011 1731 1093; x_wconf 86' lang='lat' dir='ltr'><strong>imperare,</strong></span> <span class='ocrx_word' id='word_1_73' title='bbox 1766 1023 1954 1096; x_wconf 67' lang='lat' dir='ltr'><strong>quam·</strong></span> <span class='ocrx_word' id='word_1_74' title='bbox 1983 1016 2192 1078; x_wconf 77' lang='lat' dir='ltr'><strong>Jovem</strong></span> <span class='ocrx_word' id='word_1_75' title='bbox 2224 1022 2239 1077; x_wconf 75' lang='grc' dir='ltr'><strong>Ξ</strong></span> <span class='ocrx_word' id='word_1_76' title='bbox 2324 1017 2561 1079; x_wconf 71' lang='grc' dir='ltr'><strong>Ριετιι.</strong></span> 
     </span>
     <span class='ocr_line' id='line_1_9' title="bbox 262 1100 2560 1191; baseline 0.003 -29"><span class='ocrx_word' id='word_1_77' title='bbox 262 1100 497 1170; x_wconf 83' lang='lat' dir='ltr'><strong>Quidni</strong></span> <span class='ocrx_word' id='word_1_78' title='bbox 522 1103 754 1166; x_wconf 67' lang='lat' dir='ltr'><strong>multo?</strong></span> <span class='ocrx_word' id='word_1_79' title='bbox 793 1105 1199 1166; x_wconf 81' lang='lat' dir='ltr'><strong>Primumdum</strong></span> <span class='ocrx_word' id='word_1_80' title='bbox 1224 1107 1367 1166; x_wconf 78' lang='lat' dir='ltr'><strong>fana</strong></span> <span class='ocrx_word' id='word_1_81' title='bbox 1386 1124 1495 1165; x_wconf 87' lang='lat' dir='ltr'><strong>nos</strong></span> <span class='ocrx_word' id='word_1_82' title='bbox 1523 1105 1596 1170; x_wconf 87' lang='lat' dir='ltr'><strong>iis</strong></span> <span class='ocrx_word' id='word_1_83' title='bbox 1617 1107 1921 1170; x_wconf 62' lang='lat' dir='ltr'><strong>adificare</strong></span> <span class='ocrx_word' id='word_1_84' title='bbox 1936 1117 2070 1170; x_wconf 79' lang='lat' dir='ltr'><strong>&#39;non</strong></span> <span class='ocrx_word' id='word_1_85' title='bbox 2094 1110 2388 1190; x_wconf 81' lang='lat' dir='ltr'><strong>oportebit</strong></span> <span class='ocrx_word' id='word_1_86' title='bbox 2413 1108 2560 1191; x_wconf 85' lang='lat' dir='ltr'><strong>lapi·</strong></span> 
     </span>
     <span class='ocr_line' id='line_1_10' title="bbox 266 1191 2558 1277; baseline 0.004 -24"><span class='ocrx_word' id='word_1_87' title='bbox 266 1191 408 1266; x_wconf 83' lang='lat' dir='ltr'><strong>dea,</strong></span> <span class='ocrx_word' id='word_1_88' title='bbox 436 1215 634 1277; x_wconf 87' lang='lat' dir='ltr'><strong>neque</strong></span> <span class='ocrx_word' id='word_1_89' title='bbox 661 1205 864 1276; x_wconf 86' lang='lat' dir='ltr'><strong>portas</strong></span> <span class='ocrx_word' id='word_1_90' title='bbox 894 1198 1197 1260; x_wconf 76' lang='lat' dir='ltr'><strong>adstruere</strong></span> <span class='ocrx_word' id='word_1_91' title='bbox 1238 1197 1540 1260; x_wconf 75' lang='lat' dir='ltr'><strong>deauratis</strong></span> <span class='ocrx_word' id='word_1_92' title='bbox 1582 1198 1835 1260; x_wconf 87' lang='lat' dir='ltr'><strong>tabulis:</strong></span> <span class='ocrx_word' id='word_1_93' title='bbox 1880 1221 2082 1262; x_wconf 85' lang='lat' dir='ltr'><strong>verum</strong></span> <span class='ocrx_word' id='word_1_94' title='bbox 2109 1204 2223 1263; x_wconf 87' lang='lat' dir='ltr'><strong>sub</strong></span> <span class='ocrx_word' id='word_1_95' title='bbox 2249 1201 2558 1264; x_wconf 72' lang='lat' dir='ltr'><strong>fruticibus</strong></span> 
     </span>
     <span class='ocr_line' id='line_1_11' title="bbox 260 1285 2560 1375; baseline 0.004 -30"><span class='ocrx_word' id='word_1_96' title='bbox 260 1295 329 1346; x_wconf 85' lang='lat' dir='ltr'><strong>et</strong></span> <span class='ocrx_word' id='word_1_97' title='bbox 354 1285 589 1351; x_wconf 80' lang='lat' dir='ltr'><strong>ilicibus</strong></span> <span class='ocrx_word' id='word_1_98' title='bbox 614 1289 1005 1352; x_wconf 83' lang='lat' dir='ltr'><strong>habitabunt:</strong></span> <span class='ocrx_word' id='word_1_99' title='bbox 1053 1290 1406 1351; x_wconf 83' lang='lat' dir='ltr'><strong>venerandis</strong></span> <span class='ocrx_word' id='word_1_100' title='bbox 1424 1301 1636 1352; x_wconf 78' lang='lat' dir='ltr'><strong>autem</strong></span> <span class='ocrx_word' id='word_1_101' title='bbox 1663 1293 1871 1356; x_wconf 77' lang='lat' dir='ltr'><strong>avibus</strong></span> <span class='ocrx_word' id='word_1_102' title='bbox 1912 1295 2194 1375; x_wconf 82' lang='lat' dir='ltr'><strong>templum</strong></span> <span class='ocrx_word' id='word_1_103' title='bbox 2238 1295 2348 1356; x_wconf 88' lang='lat' dir='ltr'><strong>erit</strong></span> <span class='ocrx_word' id='word_1_104' title='bbox 2387 1296 2560 1356; x_wconf 86' lang='lat' dir='ltr'><strong>arbor</strong></span> 
     </span>
     <span class='ocr_line' id='line_1_12' title="bbox 256 1379 2557 1466; baseline 0.003 -24"><span class='ocrx_word' id='word_1_105' title='bbox 256 1379 465 1442; x_wconf 71' lang='lat' dir='ltr'><strong>olim.</strong></span> <span class='ocrx_word' id='word_1_106' title='bbox 549 1381 757 1463; x_wconf 85' lang='lat' dir='ltr'><strong>Neque</strong></span> <span class='ocrx_word' id='word_1_107' title='bbox 787 1383 1221 1466; x_wconf 83' lang='lat' dir='ltr'><strong>Delphos,.nec</strong></span> <span class='ocrx_word' id='word_1_108' title='bbox 1250 1383 1329 1444; x_wconf 88' lang='lat' dir='ltr'><strong>ad</strong></span> <span class='ocrx_word' id='word_1_109' title='bbox 1360 1384 1708 1446; x_wconf 78' lang='lat' dir='ltr'><strong>Ammonem</strong></span> <span class='ocrx_word' id='word_1_110' title='bbox 1731 1385 2006 1466; x_wconf 73' lang='lat' dir='ltr'><strong>profecti,</strong></span> <span class='ocrx_word' id='word_1_111' title='bbox 2027 1386 2150 1448; x_wconf 90' lang='lat' dir='ltr'><strong>illic</strong></span> <span class='ocrx_word' id='word_1_112' title='bbox 2177 1405 2350 1448; x_wconf 83' lang='lat' dir='ltr'><strong>sacra</strong></span> <span class='ocrx_word' id='word_1_113' title='bbox 2375 1389 2557 1449; x_wconf 82' lang='lat' dir='ltr'><strong>facie-</strong></span> 
     </span>
     <span class='ocr_line' id='line_1_13' title="bbox 262 1476 2560 1560; baseline 0.003 -28"><span class='ocrx_word' id='word_1_114' title='bbox 262 1493 437 1536; x_wconf 74' lang='lat' dir='ltr'><strong>mus:</strong></span> <span class='ocrx_word' id='word_1_115' title='bbox 481 1495 686 1537; x_wconf 84' lang='lat' dir='ltr'><strong>verum</strong></span> <span class='ocrx_word' id='word_1_116' title='bbox 713 1476 867 1537; x_wconf 86' lang='lat' dir='ltr'><strong>inter</strong></span> <span class='ocrx_word' id='word_1_117' title='bbox 892 1478 1133 1538; x_wconf 88' lang='lat' dir='ltr'><strong>arbutos</strong></span> <span class='ocrx_word' id='word_1_118' title='bbox 1160 1487 1223 1538; x_wconf 89' lang='lat' dir='ltr'><strong>et</strong></span> <span class='ocrx_word' id='word_1_119' title='bbox 1250 1477 1542 1539; x_wconf 70' lang='lat' dir='ltr'><strong>oleastros</strong></span> <span class='ocrx_word' id='word_1_120' title='bbox 1585 1485 1838 1550; x_wconf 82' lang='lat' dir='ltr'><strong>stantes,</strong></span> <span class='ocrx_word' id='word_1_121' title='bbox 1872 1479 2214 1560; x_wconf 82' lang='lat' dir='ltr'><strong>hordeaque</strong></span> <span class='ocrx_word' id='word_1_122' title='bbox 2255 1479 2560 1560; x_wconf 86' lang='lat' dir='ltr'><strong>porrigen-</strong></span> 
     </span>
     <span class='ocr_line' id='line_1_14' title="bbox 261 1567 2558 1653; baseline 0.003 -26"><span class='ocrx_word' id='word_1_123' title='bbox 261 1577 359 1628; x_wconf 84' lang='lat' dir='ltr'><strong>tes</strong></span> <span class='ocrx_word' id='word_1_124' title='bbox 381 1578 449 1628; x_wconf 84' lang='lat' dir='ltr'><strong>et</strong></span> <span class='ocrx_word' id='word_1_125' title='bbox 472 1568 753 1644; x_wconf 81' lang='lat' dir='ltr'><strong>triticum,</strong></span> <span class='ocrx_word' id='word_1_126' title='bbox 782 1571 1149 1650; x_wconf 83' lang='lat' dir='ltr'><strong>precabimur</strong></span> <span class='ocrx_word' id='word_1_127' title='bbox 1174 1589 1277 1632; x_wconf 83' lang='lat' dir='ltr'><strong>eas</strong></span> <span class='ocrx_word' id='word_1_128' title='bbox 1326 1569 1592 1632; x_wconf 85' lang='lat' dir='ltr'><strong>extensis</strong></span> <span class='ocrx_word' id='word_1_129' title='bbox 1634 1571 1928 1645; x_wconf 87' lang='lat' dir='ltr'><strong>manibus,</strong></span> <span class='ocrx_word' id='word_1_130' title='bbox 1971 1572 2229 1653; x_wconf 80' lang='lat' dir='ltr'><strong>aliquam</strong></span> <span class='ocrx_word' id='word_1_131' title='bbox 2271 1583 2340 1633; x_wconf 88' lang='lat' dir='ltr'><strong>ut</strong></span> <span class='ocrx_word' id='word_1_132' title='bbox 2388 1567 2558 1633; x_wconf 87' lang='lat' dir='ltr'><strong>nobis</strong></span> 
     </span>
     <span class='ocr_line' id='line_1_15' title="bbox 258 1661 2560 1746; baseline 0.003 -27"><span class='ocrx_word' id='word_1_133' title='bbox 258 1661 555 1722; x_wconf 86' lang='lat' dir='ltr'><strong>bonorum</strong></span> <span class='ocrx_word' id='word_1_134' title='bbox 582 1671 811 1742; x_wconf 86' lang='lat' dir='ltr'><strong>partem</strong></span> <span class='ocrx_word' id='word_1_135' title='bbox 838 1661 1165 1742; x_wconf 84' lang='lat' dir='ltr'><strong>largiantur</strong></span> <span class='ocrx_word' id='word_1_136' title='bbox 1190 1682 1207 1723; x_wconf 74' lang='lat' dir='ltr'><strong><em>z</em></strong></span> <span class='ocrx_word' id='word_1_137' title='bbox 1256 1675 1436 1742; x_wconf 78' lang='lat' dir='ltr'><strong>atque</strong></span> <span class='ocrx_word' id='word_1_138' title='bbox 1462 1661 1598 1724; x_wconf 79' lang='lat' dir='ltr'><strong>hoec</strong></span> <span class='ocrx_word' id='word_1_139' title='bbox 1623 1665 1794 1724; x_wconf 86' lang='lat' dir='ltr'><strong>nobis</strong></span> <span class='ocrx_word' id='word_1_140' title='bbox 1821 1665 2136 1726; x_wconf 73' lang='lat' dir='ltr'><strong>confestim</strong></span> <span class='ocrx_word' id='word_1_141' title='bbox 2163 1674 2338 1726; x_wconf 88' lang='lat' dir='ltr'><strong>erunt</strong></span> <span class='ocrx_word' id='word_1_142' title='bbox 2370 1685 2560 1746; x_wconf 84' lang='lat' dir='ltr'><strong>paux-</strong></span> 
     </span>
     <span class='ocr_line' id='line_1_16' title="bbox 260 1752 2558 1837; baseline 0.002 -25"><span class='ocrx_word' id='word_1_143' title='bbox 260 1752 435 1814; x_wconf 88' lang='lat' dir='ltr'><strong>illum</strong></span> <span class='ocrx_word' id='word_1_144' title='bbox 458 1753 631 1816; x_wconf 86' lang='lat' dir='ltr'><strong>tritici</strong></span> <span class='ocrx_word' id='word_1_145' title='bbox 663 1753 1131 1834; x_wconf 83' lang='lat' dir='ltr'><strong>porricientibus.</strong></span> <span class='ocrx_word' id='word_1_146' title='bbox 1217 1754 1516 1816; x_wconf 39' lang='lat' dir='ltr'><strong>cnosso</strong></span> <span class='ocrx_word' id='word_1_147' title='bbox 1548 1775 1752 1830; x_wconf 80' lang='lat' dir='ltr'><strong>senex,</strong></span> <span class='ocrx_word' id='word_1_148' title='bbox 1781 1759 1884 1837; x_wconf 85' lang='lat' dir='ltr'><strong>qui</strong></span> <span class='ocrx_word' id='word_1_149' title='bbox 1903 1758 2044 1820; x_wconf 87' lang='lat' dir='ltr'><strong>mihi</strong></span> <span class='ocrx_word' id='word_1_150' title='bbox 2063 1757 2249 1819; x_wconf 83' lang='lat' dir='ltr'><strong>multo</strong></span> <span class='ocrx_word' id='word_1_151' title='bbox 2271 1757 2558 1818; x_wconf 85' lang='lat' dir='ltr'><strong>amicissi-</strong></span> 
     </span>
     <span class='ocr_line' id='line_1_17' title="bbox 266 1837 2558 1933; baseline 0.002 -27"><span class='ocrx_word' id='word_1_152' title='bbox 266 1865 403 1906; x_wconf 81' lang='lat' dir='ltr'><strong>mus</strong></span> <span class='ocrx_word' id='word_1_153' title='bbox 430 1866 509 1908; x_wconf 81' lang='lat' dir='ltr'><strong>ex</strong></span> <span class='ocrx_word' id='word_1_154' title='bbox 536 1846 937 1910; x_wconf 82' lang='lat' dir='ltr'><strong>inimicissimo</strong></span> <span class='ocrx_word' id='word_1_155' title='bbox 964 1867 1031 1912; x_wconf 87' lang='lat' dir='ltr'><strong>es</strong></span> <span class='ocrx_word' id='word_1_156' title='bbox 1056 1850 1271 1924; x_wconf 77' lang='lat' dir='ltr'><strong>fuctus,</strong></span> <span class='ocrx_word' id='word_1_157' title='bbox 1300 1867 1605 1928; x_wconf 84' lang='lat' dir='ltr'><strong>nunquam</strong></span> <span class='ocrx_word' id='word_1_158' title='bbox 1647 1837 1777 1923; x_wconf 81' lang='lat' dir='ltr'><strong>erit,</strong></span> <span class='ocrx_word' id='word_1_159' title='bbox 1821 1862 1892 1910; x_wconf 89' lang='lat' dir='ltr'><strong>ut</strong></span> <span class='ocrx_word' id='word_1_160' title='bbox 1937 1870 2052 1931; x_wconf 87' lang='lat' dir='ltr'><strong>ego</strong></span> <span class='ocrx_word' id='word_1_161' title='bbox 2093 1861 2304 1933; x_wconf 88' lang='lat' dir='ltr'><strong>sponte</strong></span> <span class='ocrx_word' id='word_1_162' title='bbox 2346 1869 2478 1910; x_wconf 87' lang='lat' dir='ltr'><strong>mea</strong></span> <span class='ocrx_word' id='word_1_163' title='bbox 2517 1870 2558 1910; x_wconf 83' lang='lat' dir='ltr'><strong>a</strong></span> 
     </span>
     <span class='ocr_line' id='line_1_18' title="bbox 264 1940 2554 2022; baseline 0 -21"><span class='ocrx_word' id='word_1_164' title='bbox 264 1950 373 2001; x_wconf 86' lang='lat' dir='ltr'><strong>tua</strong></span> <span class='ocrx_word' id='word_1_165' title='bbox 398 1941 697 2002; x_wconf 87' lang='lat' dir='ltr'><strong>sententia</strong></span> <span class='ocrx_word' id='word_1_166' title='bbox 722 1940 1051 2004; x_wconf 85' lang='lat' dir='ltr'><strong>discedam.</strong></span> <span class='ocrx_word' id='word_1_167' title='bbox 1135 1941 1409 2022; x_wconf 81' lang='lat' dir='ltr'><strong>Namque</strong></span> <span class='ocrx_word' id='word_1_168' title='bbox 1438 1951 1544 2004; x_wconf 78' lang='lat' dir='ltr'><strong>tua</strong></span> <span class='ocrx_word' id='word_1_169' title='bbox 1561 1953 1794 2004; x_wconf 86' lang='lat' dir='ltr'><strong>erectus</strong></span> <span class='ocrx_word' id='word_1_170' title='bbox 1835 1944 2124 2017; x_wconf 86' lang='lat' dir='ltr'><strong>oratione,</strong></span> <span class='ocrx_word' id='word_1_171' title='bbox 2163 1943 2554 2004; x_wconf 85' lang='lat' dir='ltr'><strong>comminatus</strong></span> 
     </span>
     <span class='ocr_line' id='line_1_19' title="bbox 264 2034 2556 2116; baseline 0 -20"><span class='ocrx_word' id='word_1_172' title='bbox 264 2053 401 2096; x_wconf 81' lang='lat' dir='ltr'><strong>sum</strong></span> <span class='ocrx_word' id='word_1_173' title='bbox 427 2045 491 2096; x_wconf 91' lang='lat' dir='ltr'><strong>et</strong></span> <span class='ocrx_word' id='word_1_174' title='bbox 518 2034 805 2115; x_wconf 80' lang='lat' dir='ltr'><strong>adjuravi,</strong></span> <span class='ocrx_word' id='word_1_175' title='bbox 832 2037 885 2096; x_wconf 82' lang='lat' dir='ltr'><strong>si</strong></span> <span class='ocrx_word' id='word_1_176' title='bbox 907 2046 970 2097; x_wconf 87' lang='lat' dir='ltr'><strong>tu</strong></span> <span class='ocrx_word' id='word_1_177' title='bbox 995 2053 1223 2096; x_wconf 86' lang='lat' dir='ltr'><strong>mecum</strong></span> <span class='ocrx_word' id='word_1_178' title='bbox 1250 2044 1465 2116; x_wconf 86' lang='lat' dir='ltr'><strong>pactus</strong></span> <span class='ocrx_word' id='word_1_179' title='bbox 1492 2035 1888 2097; x_wconf 83' lang='lat' dir='ltr'><strong>concordibus</strong></span> <span class='ocrx_word' id='word_1_180' title='bbox 1907 2036 2100 2098; x_wconf 80' lang='lat' dir='ltr'><strong>verbis</strong></span> <span class='ocrx_word' id='word_1_181' title='bbox 2129 2046 2195 2096; x_wconf 91' lang='lat' dir='ltr'><strong>et</strong></span> <span class='ocrx_word' id='word_1_182' title='bbox 2199 2035 2400 2115; x_wconf 85' lang='lat' dir='ltr'><strong>justis,</strong></span> <span class='ocrx_word' id='word_1_183' title='bbox 2429 2035 2556 2096; x_wconf 88' lang='lat' dir='ltr'><strong>sine</strong></span> 
     </span>
     <span class='ocr_line' id='line_1_20' title="bbox 264 2125 2578 2208; baseline -0.001 -20"><span class='ocrx_word' id='word_1_184' title='bbox 264 2127 479 2190; x_wconf 75' lang='lat' dir='ltr'><strong>fraude</strong></span> <span class='ocrx_word' id='word_1_185' title='bbox 500 2137 825 2208; x_wconf 77' lang='lat' dir='ltr'><strong>sancteque</strong></span> <span class='ocrx_word' id='word_1_186' title='bbox 852 2128 1179 2208; x_wconf 84' lang='lat' dir='ltr'><strong>conceptis,</strong></span> <span class='ocrx_word' id='word_1_187' title='bbox 1204 2127 1379 2188; x_wconf 79' lang='lat' dir='ltr'><strong>iveris</strong></span> <span class='ocrx_word' id='word_1_188' title='bbox 1406 2125 1694 2190; x_wconf 82' lang='lat' dir='ltr'><strong>adversus</strong></span> <span class='ocrx_word' id='word_1_189' title='bbox 1723 2125 1869 2190; x_wconf 89' lang='lat' dir='ltr'><strong>deos</strong></span> <span class='ocrx_word' id='word_1_190' title='bbox 1898 2147 2128 2191; x_wconf 87' lang='lat' dir='ltr'><strong>mecum</strong></span> <span class='ocrx_word' id='word_1_191' title='bbox 2153 2127 2578 2201; x_wconf 67' lang='lat' dir='ltr'><strong>consentiens,</strong></span> 
     </span>
     <span class='ocr_line' id='line_1_21' title="bbox 264 2219 2556 2302; baseline 0 -20"><span class='ocrx_word' id='word_1_192' title='bbox 264 2221 415 2294; x_wconf 78' lang='lat' dir='ltr'><strong>fore,</strong></span> <span class='ocrx_word' id='word_1_193' title='bbox 445 2231 515 2281; x_wconf 92' lang='lat' dir='ltr'><strong>ut</strong></span> <span class='ocrx_word' id='word_1_194' title='bbox 534 2240 655 2282; x_wconf 89' lang='lat' dir='ltr'><strong>non</strong></span> <span class='ocrx_word' id='word_1_195' title='bbox 684 2219 866 2300; x_wconf 85' lang='lat' dir='ltr'><strong>longo</strong></span> <span class='ocrx_word' id='word_1_196' title='bbox 894 2231 1155 2301; x_wconf 89' lang='lat' dir='ltr'><strong>tempore</strong></span> <span class='ocrx_word' id='word_1_197' title='bbox 1176 2221 1259 2280; x_wconf 90' lang='lat' dir='ltr'><strong>dii</strong></span> <span class='ocrx_word' id='word_1_198' title='bbox 1287 2221 1572 2302; x_wconf 83' lang='lat' dir='ltr'><strong>deinceps</strong></span> <span class='ocrx_word' id='word_1_199' title='bbox 1601 2231 1836 2302; x_wconf 85' lang='lat' dir='ltr'><strong>sceptra</strong></span> <span class='ocrx_word' id='word_1_200' title='bbox 1861 2241 1995 2284; x_wconf 87' lang='lat' dir='ltr'><strong>mea</strong></span> <span class='ocrx_word' id='word_1_201' title='bbox 2019 2230 2234 2283; x_wconf 84' lang='lat' dir='ltr'><strong>terant.</strong></span> <span class='ocrx_word' id='word_1_202' title='bbox 2315 2222 2398 2282; x_wconf 83' lang='lat' dir='ltr'><strong>At</strong></span> <span class='ocrx_word' id='word_1_203' title='bbox 2416 2242 2556 2301; x_wconf 77' lang='lat' dir='ltr'><strong>quse</strong></span> 
     </span>
     <span class='ocr_line' id='line_1_22' title="bbox 266 2312 2554 2395; baseline 0 -21"><span class='ocrx_word' id='word_1_204' title='bbox 266 2313 489 2374; x_wconf 73' lang='lat' dir='ltr'><strong>viribus</strong></span> <span class='ocrx_word' id='word_1_205' title='bbox 516 2313 831 2377; x_wconf 84' lang='lat' dir='ltr'><strong>efficienda</strong></span> <span class='ocrx_word' id='word_1_206' title='bbox 851 2323 1045 2388; x_wconf 88' lang='lat' dir='ltr'><strong>erunt,</strong></span> <span class='ocrx_word' id='word_1_207' title='bbox 1089 2332 1165 2376; x_wconf 86' lang='lat' dir='ltr'><strong>ea</strong></span> <span class='ocrx_word' id='word_1_208' title='bbox 1202 2313 1375 2374; x_wconf 82' lang='lat' dir='ltr'><strong>nobis</strong></span> <span class='ocrx_word' id='word_1_209' title='bbox 1424 2312 1820 2378; x_wconf 79' lang='lat' dir='ltr'><strong>mandentur:</strong></span> <span class='ocrx_word' id='word_1_210' title='bbox 1866 2335 2004 2395; x_wconf 80' lang='lat' dir='ltr'><strong>quse</strong></span> <span class='ocrx_word' id='word_1_211' title='bbox 2055 2325 2254 2377; x_wconf 86' lang='lat' dir='ltr'><strong>autem</strong></span> <span class='ocrx_word' id='word_1_212' title='bbox 2301 2313 2554 2376; x_wconf 86' lang='lat' dir='ltr'><strong>consilio</strong></span> 
     </span>
     <span class='ocr_line' id='line_1_23' title="bbox 262 2405 2554 2488; baseline 0 -20"><span class='ocrx_word' id='word_1_213' title='bbox 262 2419 405 2468; x_wconf 82' lang='lat' dir='ltr'><strong>sunt</strong></span> <span class='ocrx_word' id='word_1_214' title='bbox 436 2405 927 2479; x_wconf 77' lang='lat' dir='ltr'><strong>administranda,</strong></span> <span class='ocrx_word' id='word_1_215' title='bbox 954 2406 1061 2468; x_wconf 86' lang='lat' dir='ltr'><strong>illa</strong></span> <span class='ocrx_word' id='word_1_216' title='bbox 1086 2407 1191 2468; x_wconf 87' lang='lat' dir='ltr'><strong>tibi</strong></span> <span class='ocrx_word' id='word_1_217' title='bbox 1218 2407 1417 2468; x_wconf 84' lang='lat' dir='ltr'><strong>omnia</strong></span> <span class='ocrx_word' id='word_1_218' title='bbox 1432 2407 1891 2470; x_wconf 78' lang='lat' dir='ltr'><strong>conci-eduntur.</strong></span> <span class='ocrx_word' id='word_1_219' title='bbox 1975 2408 2092 2469; x_wconf 76' lang='lat' dir='ltr'><strong>Er.</strong></span> <span class='ocrx_word' id='word_1_220' title='bbox 2120 2407 2304 2488; x_wconf 88' lang='lat' dir='ltr'><strong>Atqui</strong></span> <span class='ocrx_word' id='word_1_221' title='bbox 2322 2405 2554 2468; x_wconf 86' lang='lat' dir='ltr'><strong>meher-</strong></span> 
     </span>
     <span class='ocr_line' id='line_1_24' title="bbox 262 2497 2552 2583; baseline 0 -23"><span class='ocrx_word' id='word_1_222' title='bbox 262 2497 355 2560; x_wconf 86' lang='lat' dir='ltr'><strong>cle</strong></span> <span class='ocrx_word' id='word_1_223' title='bbox 374 2497 541 2560; x_wconf 81' lang='lat' dir='ltr'><strong>haud</strong></span> <span class='ocrx_word' id='word_1_224' title='bbox 566 2498 924 2560; x_wconf 85' lang='lat' dir='ltr'><strong>dormitandi</strong></span> <span class='ocrx_word' id='word_1_225' title='bbox 953 2499 1205 2580; x_wconf 88' lang='lat' dir='ltr'><strong>amplius</strong></span> <span class='ocrx_word' id='word_1_226' title='bbox 1230 2510 1463 2581; x_wconf 87' lang='lat' dir='ltr'><strong>tempus</strong></span> <span class='ocrx_word' id='word_1_227' title='bbox 1492 2500 1666 2562; x_wconf 80' lang='lat' dir='ltr'><strong>nobis</strong></span> <span class='ocrx_word' id='word_1_228' title='bbox 1693 2511 1808 2576; x_wconf 87' lang='lat' dir='ltr'><strong>est,</strong></span> <span class='ocrx_word' id='word_1_229' title='bbox 1836 2520 2028 2583; x_wconf 89' lang='lat' dir='ltr'><strong>neque</strong></span> <span class='ocrx_word' id='word_1_230' title='bbox 2055 2499 2335 2562; x_wconf 86' lang='lat' dir='ltr'><strong>cessandi</strong></span> <span class='ocrx_word' id='word_1_231' title='bbox 2361 2497 2552 2560; x_wconf 77' lang='lat' dir='ltr'><strong>Nicioe</strong></span> 
     </span>
     <span class='ocr_line' id='line_1_25' title="bbox 266 2590 2554 2672; baseline 0 -20"><span class='ocrx_word' id='word_1_232' title='bbox 266 2611 468 2660; x_wconf 81' lang='lat' dir='ltr'><strong>more;</strong></span> <span class='ocrx_word' id='word_1_233' title='bbox 531 2590 641 2652; x_wconf 89' lang='lat' dir='ltr'><strong>sed</strong></span> <span class='ocrx_word' id='word_1_234' title='bbox 672 2610 851 2671; x_wconf 80' lang='lat' dir='ltr'><strong>quam</strong></span> <span class='ocrx_word' id='word_1_235' title='bbox 886 2592 1162 2652; x_wconf 82' lang='lat' dir='ltr'><strong>ocissime</strong></span> <span class='ocrx_word' id='word_1_236' title='bbox 1208 2591 1433 2672; x_wconf 88' lang='lat' dir='ltr'><strong>aliquid</strong></span> <span class='ocrx_word' id='word_1_237' title='bbox 1494 2593 1874 2656; x_wconf 87' lang='lat' dir='ltr'><strong>efficiendum</strong></span> <span class='ocrx_word' id='word_1_238' title='bbox 1921 2607 2032 2656; x_wconf 85' lang='lat' dir='ltr'><strong>est.</strong></span> <span class='ocrx_word' id='word_1_239' title='bbox 2117 2593 2314 2654; x_wconf 85' lang='lat' dir='ltr'><strong>Primo</strong></span> <span class='ocrx_word' id='word_1_240' title='bbox 2357 2601 2554 2654; x_wconf 86' lang='lat' dir='ltr'><strong>autem</strong></span> 
     </span>
     <span class='ocr_line' id='line_1_26' title="bbox 268 2683 2556 2766; baseline 0 -22"><span class='ocrx_word' id='word_1_241' title='bbox 268 2683 642 2764; x_wconf 75' lang='lat' dir='ltr'><strong>ingredimini</strong></span> <span class='ocrx_word' id='word_1_242' title='bbox 668 2684 732 2743; x_wconf 91' lang='lat' dir='ltr'><strong>in</strong></span> <span class='ocrx_word' id='word_1_243' title='bbox 752 2683 967 2744; x_wconf 77' lang='lat' dir='ltr'><strong>,nidum</strong></span> <span class='ocrx_word' id='word_1_244' title='bbox 980 2703 1211 2758; x_wconf 78' lang='lat' dir='ltr'><strong>meum,</strong></span> <span class='ocrx_word' id='word_1_245' title='bbox 1240 2694 1302 2744; x_wconf 90' lang='lat' dir='ltr'><strong>et</strong></span> <span class='ocrx_word' id='word_1_246' title='bbox 1327 2683 1407 2744; x_wconf 83' lang='lat' dir='ltr'><strong>ad</strong></span> <span class='ocrx_word' id='word_1_247' title='bbox 1434 2686 1698 2746; x_wconf 76' lang='lat' dir='ltr'><strong>festucas</strong></span> <span class='ocrx_word' id='word_1_248' title='bbox 1715 2701 1914 2760; x_wconf 78' lang='lat' dir='ltr'><strong>meas,</strong></span> <span class='ocrx_word' id='word_1_249' title='bbox 1955 2685 2036 2746; x_wconf 87' lang='lat' dir='ltr'><strong>ad</strong></span> <span class='ocrx_word' id='word_1_250' title='bbox 2075 2684 2391 2766; x_wconf 74' lang='lat' dir='ltr'><strong>praesentia</strong></span> <span class='ocrx_word' id='word_1_251' title='bbox 2430 2704 2556 2745; x_wconf 87' lang='lat' dir='ltr'><strong>sar-</strong></span> 
     </span>
     <span class='ocr_line' id='line_1_27' title="bbox 268 2776 2556 2859; baseline -0 -20"><span class='ocrx_word' id='word_1_252' title='bbox 268 2786 511 2839; x_wconf 84' lang='lat' dir='ltr'><strong>menta:</strong></span> <span class='ocrx_word' id='word_1_253' title='bbox 558 2777 853 2856; x_wconf 83' lang='lat' dir='ltr'><strong>nobisque</strong></span> <span class='ocrx_word' id='word_1_254' title='bbox 872 2795 1087 2838; x_wconf 88' lang='lat' dir='ltr'><strong>nomen</strong></span> <span class='ocrx_word' id='word_1_255' title='bbox 1112 2776 1273 2840; x_wconf 88' lang='lat' dir='ltr'><strong>edite</strong></span> <span class='ocrx_word' id='word_1_256' title='bbox 1284 2787 1576 2838; x_wconf 66' lang='lat' dir='ltr'><strong>xestrum.</strong></span> <span class='ocrx_word' id='word_1_257' title='bbox 1632 2777 1862 2842; x_wconf 67' lang='lat' dir='ltr'><strong>Pssm.</strong></span> <span class='ocrx_word' id='word_1_258' title='bbox 1889 2776 2071 2859; x_wconf 83' lang='lat' dir='ltr'><strong>Atqui</strong></span> <span class='ocrx_word' id='word_1_259' title='bbox 2096 2778 2210 2840; x_wconf 88' lang='lat' dir='ltr'><strong>hoc</strong></span> <span class='ocrx_word' id='word_1_260' title='bbox 2230 2778 2401 2840; x_wconf 77' lang='lat' dir='ltr'><strong>facile</strong></span> <span class='ocrx_word' id='word_1_261' title='bbox 2423 2788 2556 2839; x_wconf 79' lang='lat' dir='ltr'><strong>est:</strong></span> 
     </span>
     <span class='ocr_line' id='line_1_28' title="bbox 266 2868 2554 2952; baseline 0 -20"><span class='ocrx_word' id='word_1_262' title='bbox 266 2870 403 2932; x_wconf 86' lang='lat' dir='ltr'><strong>mihi</strong></span> <span class='ocrx_word' id='word_1_263' title='bbox 432 2887 651 2932; x_wconf 87' lang='lat' dir='ltr'><strong>nomen</strong></span> <span class='ocrx_word' id='word_1_264' title='bbox 694 2878 790 2932; x_wconf 80' lang='lat' dir='ltr'><strong>est</strong></span> <span class='ocrx_word' id='word_1_265' title='bbox 826 2869 1199 2934; x_wconf 76' lang='lat' dir='ltr'><strong>Pisthetaero.</strong></span> <span class='ocrx_word' id='word_1_266' title='bbox 1285 2868 1401 2932; x_wconf 79' lang='lat' dir='ltr'><strong>Er.</strong></span> <span class='ocrx_word' id='word_1_267' title='bbox 1454 2868 1614 2932; x_wconf 80' lang='lat' dir='ltr'><strong>Huic</strong></span> <span class='ocrx_word' id='word_1_268' title='bbox 1654 2881 1852 2936; x_wconf 87' lang='lat' dir='ltr'><strong>autem</strong></span> <span class='ocrx_word' id='word_1_269' title='bbox 1898 2870 2241 2952; x_wconf 70' lang='lat' dir='ltr'><strong>quodnam?</strong></span> <span class='ocrx_word' id='word_1_270' title='bbox 2321 2870 2554 2932; x_wconf 71' lang='lat' dir='ltr'><strong>Pis-ru.</strong></span> 
     </span>
     <span class='ocr_line' id='line_1_29' title="bbox 268 2961 2556 3044; baseline 0 -20"><span class='ocrx_word' id='word_1_271' title='bbox 268 2963 593 3044; x_wconf 80' lang='lat' dir='ltr'><strong>Euelpides</strong></span> <span class='ocrx_word' id='word_1_272' title='bbox 658 2961 983 3026; x_wconf 84' lang='lat' dir='ltr'><strong>Thriensis.</strong></span> <span class='ocrx_word' id='word_1_273' title='bbox 1065 2963 1179 3024; x_wconf 75' lang='lat' dir='ltr'><strong>Er.</strong></span> <span class='ocrx_word' id='word_1_274' title='bbox 1210 2963 1303 3022; x_wconf 88' lang='lat' dir='ltr'><strong>Ita</strong></span> <span class='ocrx_word' id='word_1_275' title='bbox 1348 2962 1596 3024; x_wconf 79' lang='lat' dir='ltr'><strong>valeatis</strong></span> <span class='ocrx_word' id='word_1_276' title='bbox 1651 2963 1844 3026; x_wconf 74' lang='lat' dir='ltr'><strong>ambo.</strong></span> <span class='ocrx_word' id='word_1_277' title='bbox 1926 2964 2158 3026; x_wconf 70' lang='lat' dir='ltr'><strong>Prsrn.</strong></span> <span class='ocrx_word' id='word_1_278' title='bbox 2213 2963 2556 3044; x_wconf 83' lang='lat' dir='ltr'><strong>Accipimus</strong></span> 
     </span>
     <span class='ocr_line' id='line_1_30' title="bbox 268 3055 2557 3137; baseline 0 -21"><span class='ocrx_word' id='word_1_279' title='bbox 268 3075 469 3120; x_wconf 83' lang='lat' dir='ltr'><strong>omen.</strong></span> <span class='ocrx_word' id='word_1_280' title='bbox 552 3056 667 3119; x_wconf 77' lang='lat' dir='ltr'><strong>Er.</strong></span> <span class='ocrx_word' id='word_1_281' title='bbox 709 3056 847 3120; x_wconf 86' lang='lat' dir='ltr'><strong>Huc</strong></span> <span class='ocrx_word' id='word_1_282' title='bbox 876 3056 1055 3137; x_wconf 88' lang='lat' dir='ltr'><strong>igitur</strong></span> <span class='ocrx_word' id='word_1_283' title='bbox 1082 3055 1475 3136; x_wconf 79' lang='lat' dir='ltr'><strong>ingredimini.</strong></span> <span class='ocrx_word' id='word_1_284' title='bbox 1561 3056 1793 3120; x_wconf 74' lang='lat' dir='ltr'><strong>P1srrr.</strong></span> <span class='ocrx_word' id='word_1_285' title='bbox 1817 3055 2080 3118; x_wconf 81' lang='lat' dir='ltr'><strong>Eamus:</strong></span> <span class='ocrx_word' id='word_1_286' title='bbox 2124 3066 2192 3117; x_wconf 86' lang='lat' dir='ltr'><strong>tu</strong></span> <span class='ocrx_word' id='word_1_287' title='bbox 2220 3075 2330 3117; x_wconf 88' lang='lat' dir='ltr'><strong>nos</strong></span> <span class='ocrx_word' id='word_1_288' title='bbox 2371 3059 2557 3118; x_wconf 87' lang='lat' dir='ltr'><strong>intro-</strong></span> 
     </span>
     <span class='ocr_line' id='line_1_31' title="bbox 266 3148 2555 3230; baseline 0 -20"><span class='ocrx_word' id='word_1_289' title='bbox 266 3148 405 3212; x_wconf 87' lang='lat' dir='ltr'><strong>duc.</strong></span> <span class='ocrx_word' id='word_1_290' title='bbox 492 3150 610 3210; x_wconf 74' lang='lat' dir='ltr'><strong>Er.</strong></span> <span class='ocrx_word' id='word_1_291' title='bbox 652 3149 808 3230; x_wconf 86' lang='lat' dir='ltr'><strong>Age.</strong></span> <span class='ocrx_word' id='word_1_292' title='bbox 892 3149 1125 3212; x_wconf 75' lang='lat' dir='ltr'><strong>Prsrn.</strong></span> <span class='ocrx_word' id='word_1_293' title='bbox 1168 3148 1331 3223; x_wconf 84' lang='lat' dir='ltr'><strong>Atat,</strong></span> <span class='ocrx_word' id='word_1_294' title='bbox 1349 3149 1532 3229; x_wconf 76' lang='lat' dir='ltr'><strong>petii!</strong></span> <span class='ocrx_word' id='word_1_295' title='bbox 1586 3148 1704 3210; x_wconf 89' lang='lat' dir='ltr'><strong>huc</strong></span> <span class='ocrx_word' id='word_1_296' title='bbox 1743 3159 2032 3212; x_wconf 86' lang='lat' dir='ltr'><strong>retrorsus</strong></span> <span class='ocrx_word' id='word_1_297' title='bbox 2073 3148 2319 3229; x_wconf 85' lang='lat' dir='ltr'><strong>gradum</strong></span> <span class='ocrx_word' id='word_1_298' title='bbox 2359 3149 2555 3211; x_wconf 86' lang='lat' dir='ltr'><strong>flecte.</strong></span> 
     </span>
     <span class='ocr_line' id='line_1_32' title="bbox 268 3239 2560 3324; baseline -0.001 -20"><span class='ocrx_word' id='word_1_299' title='bbox 268 3243 396 3324; x_wconf 82' lang='lat' dir='ltr'><strong>Age</strong></span> <span class='ocrx_word' id='word_1_300' title='bbox 422 3244 609 3304; x_wconf 85' lang='lat' dir='ltr'><strong>sciam</strong></span> <span class='ocrx_word' id='word_1_301' title='bbox 638 3241 739 3304; x_wconf 87' lang='lat' dir='ltr'><strong>dic</strong></span> <span class='ocrx_word' id='word_1_302' title='bbox 764 3241 978 3306; x_wconf 81' lang='lat' dir='ltr'><strong>nobis:</strong></span> <span class='ocrx_word' id='word_1_303' title='bbox 1032 3241 1333 3323; x_wconf 86' lang='lat' dir='ltr'><strong>quomodo</strong></span> <span class='ocrx_word' id='word_1_304' title='bbox 1356 3261 1473 3320; x_wconf 86' lang='lat' dir='ltr'><strong>ego</strong></span> <span class='ocrx_word' id='word_1_305' title='bbox 1493 3252 1559 3303; x_wconf 90' lang='lat' dir='ltr'><strong>et</strong></span> <span class='ocrx_word' id='word_1_306' title='bbox 1583 3239 1695 3302; x_wconf 89' lang='lat' dir='ltr'><strong>iste</strong></span> <span class='ocrx_word' id='word_1_307' title='bbox 1721 3242 2028 3303; x_wconf 82' lang='lat' dir='ltr'><strong>vobiscum</strong></span> <span class='ocrx_word' id='word_1_308' title='bbox 2053 3242 2270 3310; x_wconf 82' lang='lat' dir='ltr'><strong>erimus</strong></span> <span class='ocrx_word' id='word_1_309' title='bbox 2305 3240 2560 3303; x_wconf 77' lang='lat' dir='ltr'><strong>volanti-</strong></span> 
     </span>
     <span class='ocr_line' id='line_1_33' title="bbox 271 3334 2558 3416; baseline -0 -20"><span class='ocrx_word' id='word_1_310' title='bbox 271 3337 405 3408; x_wconf 85' lang='lat' dir='ltr'><strong>bus,</strong></span> <span class='ocrx_word' id='word_1_311' title='bbox 434 3355 622 3415; x_wconf 86' lang='lat' dir='ltr'><strong>quum</strong></span> <span class='ocrx_word' id='word_1_312' title='bbox 652 3335 854 3398; x_wconf 78' lang='lat' dir='ltr'><strong>volare</strong></span> <span class='ocrx_word' id='word_1_313' title='bbox 880 3334 1289 3416; x_wconf 68' lang='lat' dir='ltr'><strong>nequeamus?</strong></span> <span class='ocrx_word' id='word_1_314' title='bbox 1324 3335 1445 3398; x_wconf 77' lang='lat' dir='ltr'><strong>Er.</strong></span> <span class='ocrx_word' id='word_1_315' title='bbox 1476 3335 1640 3400; x_wconf 86' lang='lat' dir='ltr'><strong>Bene</strong></span> <span class='ocrx_word' id='word_1_316' title='bbox 1662 3354 1820 3396; x_wconf 79' lang='lat' dir='ltr'><strong>vero.</strong></span> <span class='ocrx_word' id='word_1_317' title='bbox 1905 3334 2134 3406; x_wconf 72' lang='lat' dir='ltr'><strong>Prs‘rn.</strong></span> <span class='ocrx_word' id='word_1_318' title='bbox 2164 3336 2244 3396; x_wconf 88' lang='lat' dir='ltr'><strong>At</strong></span> <span class='ocrx_word' id='word_1_319' title='bbox 2271 3345 2338 3398; x_wconf 89' lang='lat' dir='ltr'><strong>tu</strong></span> <span class='ocrx_word' id='word_1_320' title='bbox 2371 3335 2558 3396; x_wconf 83' lang='lat' dir='ltr'><strong>etiam</strong></span> 
     </span>
     <span class='ocr_line' id='line_1_34' title="bbox 268 3427 2556 3511; baseline 0 -21"><span class='ocrx_word' id='word_1_321' title='bbox 268 3438 449 3511; x_wconf 78' lang='lat' dir='ltr'><strong>atque</strong></span> <span class='ocrx_word' id='word_1_322' title='bbox 474 3429 655 3492; x_wconf 78' lang='lat' dir='ltr'><strong>etiam</strong></span> <span class='ocrx_word' id='word_1_323' title='bbox 681 3428 1032 3496; x_wconf 71' lang='lat' dir='ltr'><strong>considera„-</strong></span> <span class='ocrx_word' id='word_1_324' title='bbox 1080 3448 1221 3490; x_wconf 86' lang='lat' dir='ltr'><strong>nam</strong></span> <span class='ocrx_word' id='word_1_325' title='bbox 1248 3428 1309 3488; x_wconf 89' lang='lat' dir='ltr'><strong>in</strong></span> <span class='ocrx_word' id='word_1_326' title='bbox 1352 3428 1558 3510; x_wconf 83' lang='lat' dir='ltr'><strong>AEsopi</strong></span> <span class='ocrx_word' id='word_1_327' title='bbox 1599 3427 1816 3492; x_wconf 86' lang='lat' dir='ltr'><strong>fabulis</strong></span> <span class='ocrx_word' id='word_1_328' title='bbox 1855 3427 1972 3488; x_wconf 88' lang='lat' dir='ltr'><strong>hoc</strong></span> <span class='ocrx_word' id='word_1_329' title='bbox 2012 3428 2238 3490; x_wconf 87' lang='lat' dir='ltr'><strong>scilicet</strong></span> <span class='ocrx_word' id='word_1_330' title='bbox 2277 3427 2556 3490; x_wconf 82' lang='lat' dir='ltr'><strong>traditum</strong></span> 
     </span>
     <span class='ocr_line' id='line_1_35' title="bbox 264 3520 2556 3604; baseline -0.001 -18"><span class='ocrx_word' id='word_1_331' title='bbox 264 3535 359 3586; x_wconf 77' lang='lat' dir='ltr'><strong>est</strong></span> <span class='ocrx_word' id='word_1_332' title='bbox 372 3521 625 3604; x_wconf 66' lang='lat' dir='ltr'><strong>,vulpem</strong></span> <span class='ocrx_word' id='word_1_333' title='bbox 648 3521 811 3590; x_wconf 83' lang='lat' dir='ltr'><strong>haud</strong></span> <span class='ocrx_word' id='word_1_334' title='bbox 838 3523 999 3586; x_wconf 84' lang='lat' dir='ltr'><strong>bono</strong></span> <span class='ocrx_word' id='word_1_335' title='bbox 1020 3541 1131 3584; x_wconf 88' lang='lat' dir='ltr'><strong>suo</strong></span> <span class='ocrx_word' id='word_1_336' title='bbox 1158 3522 1503 3586; x_wconf 83' lang='lat' dir='ltr'><strong>societatem</strong></span> <span class='ocrx_word' id='word_1_337' title='bbox 1544 3520 1864 3601; x_wconf 84' lang='lat' dir='ltr'><strong>aliquando</strong></span> <span class='ocrx_word' id='word_1_338' title='bbox 1906 3541 2040 3582; x_wconf 90' lang='lat' dir='ltr'><strong>cum</strong></span> <span class='ocrx_word' id='word_1_339' title='bbox 2083 3522 2282 3601; x_wconf 85' lang='lat' dir='ltr'><strong>aquila</strong></span> <span class='ocrx_word' id='word_1_340' title='bbox 2320 3520 2556 3584; x_wconf 87' lang='lat' dir='ltr'><strong>coiisse.</strong></span> 
     </span>
     <span class='ocr_line' id='line_1_36' title="bbox 268 3613 2555 3696; baseline -0.003 -14"><span class='ocrx_word' id='word_1_341' title='bbox 268 3617 377 3682; x_wconf 63' lang='grc' dir='ltr'><strong>ΕΩ.</strong></span> <span class='ocrx_word' id='word_1_342' title='bbox 405 3617 631 3682; x_wconf 79' lang='lat' dir='ltr'><strong>Animo</strong></span> <span class='ocrx_word' id='word_1_343' title='bbox 656 3615 739 3680; x_wconf 81' lang='lat' dir='ltr'><strong>sis</strong></span> <span class='ocrx_word' id='word_1_344' title='bbox 766 3614 1079 3696; x_wconf 66' lang='lat' dir='ltr'><strong>defamata.</strong></span> <span class='ocrx_word' id='word_1_345' title='bbox 1164 3615 1275 3676; x_wconf 84' lang='lat' dir='ltr'><strong>Est</strong></span> <span class='ocrx_word' id='word_1_346' title='bbox 1296 3615 1454 3678; x_wconf 83' lang='lat' dir='ltr'><strong>enim</strong></span> <span class='ocrx_word' id='word_1_347' title='bbox 1476 3613 1652 3680; x_wconf 80' lang='lat' dir='ltr'><strong>radix</strong></span> <span class='ocrx_word' id='word_1_348' title='bbox 1675 3613 1974 3695; x_wconf 63' lang='lat' dir='ltr'><strong>quaedam,</strong></span> <span class='ocrx_word' id='word_1_349' title='bbox 2001 3633 2122 3695; x_wconf 88' lang='lat' dir='ltr'><strong>qua</strong></span> <span class='ocrx_word' id='word_1_350' title='bbox 2145 3631 2406 3688; x_wconf 84' lang='lat' dir='ltr'><strong>comesa,</strong></span> <span class='ocrx_word' id='word_1_351' title='bbox 2445 3615 2555 3675; x_wconf 88' lang='lat' dir='ltr'><strong>eri-</strong></span> 
     </span>
     <span class='ocr_line' id='line_1_37' title="bbox 266 3705 2560 3790; baseline -0.002 -19"><span class='ocrx_word' id='word_1_352' title='bbox 266 3711 343 3771; x_wconf 78' lang='lat' dir='ltr'><strong>tis</strong></span> <span class='ocrx_word' id='word_1_353' title='bbox 366 3710 540 3772; x_wconf 82' lang='lat' dir='ltr'><strong>alati.</strong></span> <span class='ocrx_word' id='word_1_354' title='bbox 626 3709 859 3772; x_wconf 73' lang='lat' dir='ltr'><strong>Prsrn.</strong></span> <span class='ocrx_word' id='word_1_355' title='bbox 908 3709 1042 3770; x_wconf 82' lang='lat' dir='ltr'><strong>Hac</strong></span> <span class='ocrx_word' id='word_1_356' title='bbox 1087 3707 1339 3790; x_wconf 76' lang='lat' dir='ltr'><strong>,quidem</strong></span> <span class='ocrx_word' id='word_1_357' title='bbox 1394 3707 1734 3770; x_wconf 88' lang='lat' dir='ltr'><strong>conditione</strong></span> <span class='ocrx_word' id='word_1_358' title='bbox 1789 3705 2202 3787; x_wconf 86' lang='lat' dir='ltr'><strong>ingrediamur.</strong></span> <span class='ocrx_word' id='word_1_359' title='bbox 2285 3705 2560 3787; x_wconf 88' lang='lat' dir='ltr'><strong>Agedum</strong></span> 
     </span>
     <span class='ocr_line' id='line_1_38' title="bbox 264 3798 2559 3880; baseline -0.004 -12"><span class='ocrx_word' id='word_1_360' title='bbox 264 3804 554 3879; x_wconf 78' lang='lat' dir='ltr'><strong>Xanthia,</strong></span> <span class='ocrx_word' id='word_1_361' title='bbox 576 3812 639 3866; x_wconf 91' lang='lat' dir='ltr'><strong>et</strong></span> <span class='ocrx_word' id='word_1_362' title='bbox 666 3813 731 3864; x_wconf 91' lang='lat' dir='ltr'><strong>tu</strong></span> <span class='ocrx_word' id='word_1_363' title='bbox 761 3803 1115 3875; x_wconf 83' lang='lat' dir='ltr'><strong>Manodore,</strong></span> <span class='ocrx_word' id='word_1_364' title='bbox 1142 3801 1334 3863; x_wconf 89' lang='lat' dir='ltr'><strong>tollite</strong></span> <span class='ocrx_word' id='word_1_365' title='bbox 1360 3798 1648 3880; x_wconf 87' lang='lat' dir='ltr'><strong>stragula.</strong></span> <span class='ocrx_word' id='word_1_366' title='bbox 1719 3799 1935 3862; x_wconf 68' lang='lat' dir='ltr'><strong>cnon.</strong></span> <span class='ocrx_word' id='word_1_367' title='bbox 1962 3800 2129 3860; x_wconf 88' lang='lat' dir='ltr'><strong>Heus</strong></span> <span class='ocrx_word' id='word_1_368' title='bbox 2157 3811 2244 3875; x_wconf 91' lang='lat' dir='ltr'><strong>tu,</strong></span> <span class='ocrx_word' id='word_1_369' title='bbox 2272 3799 2378 3860; x_wconf 84' lang='lat' dir='ltr'><strong>tibi</strong></span> <span class='ocrx_word' id='word_1_370' title='bbox 2404 3799 2559 3860; x_wconf 86' lang='lat' dir='ltr'><strong>dico.</strong></span> 
     </span>
     <span class='ocr_line' id='line_1_39' title="bbox 266 3890 2562 3974; baseline -0.003 -14"><span class='ocrx_word' id='word_1_371' title='bbox 266 3898 379 3960; x_wconf 74' lang='lat' dir='ltr'><strong>Er.</strong></span> <span class='ocrx_word' id='word_1_372' title='bbox 410 3895 581 3968; x_wconf 87' lang='lat' dir='ltr'><strong>Quid</strong></span> <span class='ocrx_word' id='word_1_373' title='bbox 606 3917 701 3958; x_wconf 87' lang='lat' dir='ltr'><strong>me</strong></span> <span class='ocrx_word' id='word_1_374' title='bbox 728 3895 950 3958; x_wconf 70' lang='lat' dir='ltr'><strong>vocas-2</strong></span> <span class='ocrx_word' id='word_1_375' title='bbox 1030 3895 1245 3958; x_wconf 76' lang='lat' dir='ltr'><strong>Cnon.</strong></span> <span class='ocrx_word' id='word_1_376' title='bbox 1277 3893 1407 3956; x_wconf 82' lang='lat' dir='ltr'><strong>Hos</strong></span> <span class='ocrx_word' id='word_1_377' title='bbox 1428 3893 1666 3974; x_wconf 88' lang='lat' dir='ltr'><strong>quidem</strong></span> <span class='ocrx_word' id='word_1_378' title='bbox 1696 3903 1893 3955; x_wconf 87' lang='lat' dir='ltr'><strong>tecum</strong></span> <span class='ocrx_word' id='word_1_379' title='bbox 1915 3890 2032 3954; x_wconf 89' lang='lat' dir='ltr'><strong>duc</strong></span> <span class='ocrx_word' id='word_1_380' title='bbox 2059 3905 2124 3954; x_wconf 87' lang='lat' dir='ltr'><strong>et</strong></span> <span class='ocrx_word' id='word_1_381' title='bbox 2147 3893 2314 3953; x_wconf 86' lang='lat' dir='ltr'><strong>lauto</strong></span> <span class='ocrx_word' id='word_1_382' title='bbox 2353 3891 2562 3970; x_wconf 79' lang='lat' dir='ltr'><strong>excipe</strong></span> 
     </span>
     <span class='ocr_line' id='line_1_40' title="bbox 260 3984 2564 4072; baseline -0.003 -19"><span class='ocrx_word' id='word_1_383' title='bbox 260 3989 551 4072; x_wconf 79' lang='lat' dir='ltr'><strong>prandio:</strong></span> <span class='ocrx_word' id='word_1_384' title='bbox 596 3999 664 4050; x_wconf 86' lang='lat' dir='ltr'><strong>at</strong></span> <span class='ocrx_word' id='word_1_385' title='bbox 683 3987 861 4051; x_wconf 87' lang='lat' dir='ltr'><strong>dulce</strong></span> <span class='ocrx_word' id='word_1_386' title='bbox 888 3999 1222 4062; x_wconf 84' lang='lat' dir='ltr'><strong>canentem,</strong></span> <span class='ocrx_word' id='word_1_387' title='bbox 1244 3997 1306 4049; x_wconf 91' lang='lat' dir='ltr'><strong>et</strong></span> <span class='ocrx_word' id='word_1_388' title='bbox 1328 4005 1475 4048; x_wconf 85' lang='lat' dir='ltr'><strong>voce</strong></span> <span class='ocrx_word' id='word_1_389' title='bbox 1504 3985 1699 4048; x_wconf 87' lang='lat' dir='ltr'><strong>Musis</strong></span> <span class='ocrx_word' id='word_1_390' title='bbox 1727 3984 2210 4067; x_wconf 64' lang='lat' dir='ltr'><strong>aequiparandam</strong></span> <span class='ocrx_word' id='word_1_391' title='bbox 2248 3984 2564 4046; x_wconf 89' lang='lat' dir='ltr'><strong>lusciniam</strong></span> 
     </span>
     <span class='ocr_line' id='line_1_41' title="bbox 263 4077 2558 4163; baseline -0.003 -18"><span class='ocrx_word' id='word_1_392' title='bbox 263 4082 533 4163; x_wconf 85' lang='lat' dir='ltr'><strong>relinque</strong></span> <span class='ocrx_word' id='word_1_393' title='bbox 552 4081 725 4143; x_wconf 86' lang='lat' dir='ltr'><strong>nobis</strong></span> <span class='ocrx_word' id='word_1_394' title='bbox 748 4081 868 4144; x_wconf 89' lang='lat' dir='ltr'><strong>huc</strong></span> <span class='ocrx_word' id='word_1_395' title='bbox 896 4082 1171 4155; x_wconf 81' lang='lat' dir='ltr'><strong>excitam,</strong></span> <span class='ocrx_word' id='word_1_396' title='bbox 1194 4091 1262 4142; x_wconf 90' lang='lat' dir='ltr'><strong>ut</strong></span> <span class='ocrx_word' id='word_1_397' title='bbox 1287 4100 1422 4142; x_wconf 91' lang='lat' dir='ltr'><strong>cum</strong></span> <span class='ocrx_word' id='word_1_398' title='bbox 1444 4099 1517 4142; x_wconf 87' lang='lat' dir='ltr'><strong>ea</strong></span> <span class='ocrx_word' id='word_1_399' title='bbox 1535 4078 1834 4140; x_wconf 88' lang='lat' dir='ltr'><strong>ludamus.</strong></span> <span class='ocrx_word' id='word_1_400' title='bbox 1878 4077 2107 4138; x_wconf 73' lang='lat' dir='ltr'><strong>Prs&#39;rfl.</strong></span> <span class='ocrx_word' id='word_1_401' title='bbox 2130 4077 2208 4151; x_wconf 88' lang='grc' dir='ltr'><strong>Ο,</strong></span> <span class='ocrx_word' id='word_1_402' title='bbox 2229 4096 2330 4158; x_wconf 91' lang='lat' dir='ltr'><strong>per</strong></span> <span class='ocrx_word' id='word_1_403' title='bbox 2349 4077 2386 4138; x_wconf 82' lang='lat' dir='ltr'>J</span> <span class='ocrx_word' id='word_1_404' title='bbox 2391 4093 2558 4139; x_wconf 80' lang='lat' dir='ltr'><strong>ovem</strong></span> 
     </span>
     <span class='ocr_line' id='line_1_42' title="bbox 266 4171 2560 4257; baseline -0.002 -21"><span class='ocrx_word' id='word_1_405' title='bbox 266 4195 433 4257; x_wconf 86' lang='lat' dir='ltr'><strong>rogo,</strong></span> <span class='ocrx_word' id='word_1_406' title='bbox 455 4176 615 4236; x_wconf 82' lang='lat' dir='ltr'><strong>istuc</strong></span> <span class='ocrx_word' id='word_1_407' title='bbox 632 4175 777 4256; x_wconf 86' lang='lat' dir='ltr'><strong>ipsis</strong></span> <span class='ocrx_word' id='word_1_408' title='bbox 798 4177 1125 4257; x_wconf 79' lang='lat' dir='ltr'><strong>obsequere</strong></span> <span class='ocrx_word' id='word_1_409' title='bbox 1146 4195 1165 4235; x_wconf 75' lang='lat' dir='ltr'><strong><em>z</em></strong></span> <span class='ocrx_word' id='word_1_410' title='bbox 1194 4175 1389 4236; x_wconf 82' lang='lat' dir='ltr'><strong>excita</strong></span> <span class='ocrx_word' id='word_1_411' title='bbox 1407 4172 1700 4236; x_wconf 84' lang='lat' dir='ltr'><strong>aviculam</strong></span> <span class='ocrx_word' id='word_1_412' title='bbox 1723 4172 1886 4232; x_wconf 85' lang='lat' dir='ltr'><strong>illarn</strong></span> <span class='ocrx_word' id='word_1_413' title='bbox 1906 4191 1980 4232; x_wconf 84' lang='lat' dir='ltr'><strong>ex</strong></span> <span class='ocrx_word' id='word_1_414' title='bbox 1997 4171 2382 4233; x_wconf 86' lang='lat' dir='ltr'><strong>arundinibus</strong></span> <span class='ocrx_word' id='word_1_415' title='bbox 2393 4191 2414 4241; x_wconf 68' lang='grc' dir='ltr'>ς</span> <span class='ocrx_word' id='word_1_416' title='bbox 2441 4171 2560 4232; x_wconf 82' lang='lat' dir='ltr'><strong>huc</strong></span> 
     </span>
     <span class='ocr_line' id='line_1_43' title="bbox 264 4263 2560 4348; baseline -0.002 -19"><span class='ocrx_word' id='word_1_417' title='bbox 264 4269 425 4332; x_wconf 81' lang='lat' dir='ltr'><strong>illam</strong></span> <span class='ocrx_word' id='word_1_418' title='bbox 448 4288 659 4341; x_wconf 81' lang='lat' dir='ltr'><strong>evoca,</strong></span> <span class='ocrx_word' id='word_1_419' title='bbox 682 4289 785 4348; x_wconf 89' lang='lat' dir='ltr'><strong>per</strong></span> <span class='ocrx_word' id='word_1_420' title='bbox 808 4268 957 4330; x_wconf 89' lang='lat' dir='ltr'><strong>deos</strong></span> <span class='ocrx_word' id='word_1_421' title='bbox 974 4271 1355 4342; x_wconf 87' lang='lat' dir='ltr'><strong>obtestamur,</strong></span> <span class='ocrx_word' id='word_1_422' title='bbox 1378 4278 1446 4328; x_wconf 90' lang='lat' dir='ltr'><strong>ut</strong></span> <span class='ocrx_word' id='word_1_423' title='bbox 1473 4279 1536 4327; x_wconf 90' lang='lat' dir='ltr'><strong>et</strong></span> <span class='ocrx_word' id='word_1_424' title='bbox 1564 4285 1676 4328; x_wconf 90' lang='lat' dir='ltr'><strong>nos</strong></span> <span class='ocrx_word' id='word_1_425' title='bbox 1693 4284 1932 4345; x_wconf 90' lang='lat' dir='ltr'><strong>quoque</strong></span> <span class='ocrx_word' id='word_1_426' title='bbox 1958 4263 2270 4326; x_wconf 86' lang='lat' dir='ltr'><strong>lusciniam</strong></span> <span class='ocrx_word' id='word_1_427' title='bbox 2295 4274 2560 4326; x_wconf 90' lang='lat' dir='ltr'><strong>contem-</strong></span> 
     </span>
     <span class='ocr_line' id='line_1_44' title="bbox 266 4357 2561 4444; baseline -0.003 -20"><span class='ocrx_word' id='word_1_428' title='bbox 266 4363 516 4441; x_wconf 84' lang='lat' dir='ltr'><strong>plemur.</strong></span> <span class='ocrx_word' id='word_1_429' title='bbox 562 4361 679 4423; x_wconf 75' lang='lat' dir='ltr'><strong>Er.</strong></span> <span class='ocrx_word' id='word_1_430' title='bbox 698 4361 776 4442; x_wconf 21' lang='lat' dir='ltr'><strong>‘Si</strong></span> <span class='ocrx_word' id='word_1_431' title='bbox 794 4361 1035 4444; x_wconf 84' lang='lat' dir='ltr'><strong>quidem</strong></span> <span class='ocrx_word' id='word_1_432' title='bbox 1058 4362 1221 4427; x_wconf 81' lang='lat' dir='ltr'><strong>vobis</strong></span> <span class='ocrx_word' id='word_1_433' title='bbox 1250 4362 1337 4422; x_wconf 88' lang='lat' dir='ltr'><strong>ita</strong></span> <span class='ocrx_word' id='word_1_434' title='bbox 1358 4360 1654 4433; x_wconf 82' lang='lat' dir='ltr'><strong>videatur,</strong></span> <span class='ocrx_word' id='word_1_435' title='bbox 1681 4359 1768 4420; x_wconf 83' lang='lat' dir='ltr'><strong>sic</strong></span> <span class='ocrx_word' id='word_1_436' title='bbox 1794 4357 2128 4420; x_wconf 77' lang='lat' dir='ltr'><strong>faciendum</strong></span> <span class='ocrx_word' id='word_1_437' title='bbox 2154 4367 2269 4421; x_wconf 88' lang='lat' dir='ltr'><strong>est.</strong></span> <span class='ocrx_word' id='word_1_438' title='bbox 2311 4359 2561 4430; x_wconf 86' lang='lat' dir='ltr'><strong>Procne,</strong></span> 
     </span>
     <span class='ocr_line' id='line_1_45' title="bbox 268 4448 2563 4538; baseline -0.005 -18"><span class='ocrx_word' id='word_1_439' title='bbox 268 4457 577 4538; x_wconf 76' lang='lat' dir='ltr'><strong>egredere,</strong></span> <span class='ocrx_word' id='word_1_440' title='bbox 587 4466 765 4535; x_wconf 88' lang='lat' dir='ltr'><strong>teque</strong></span> <span class='ocrx_word' id='word_1_441' title='bbox 792 4455 981 4537; x_wconf 83' lang='lat' dir='ltr'><strong>ipsam</strong></span> <span class='ocrx_word' id='word_1_442' title='bbox 1002 4455 1337 4538; x_wconf 83' lang='lat' dir='ltr'><strong>hospitibus</strong></span> <span class='ocrx_word' id='word_1_443' title='bbox 1358 4453 1630 4519; x_wconf 78' lang='lat' dir='ltr'><strong>ostende.</strong></span> <span class='ocrx_word' id='word_1_444' title='bbox 1674 4452 1906 4516; x_wconf 77' lang='lat' dir='ltr'><strong>Prsrn.</strong></span> <span class='ocrx_word' id='word_1_445' title='bbox 1928 4448 1983 4512; x_wconf 94' lang='lat'><em>0</em></span> <span class='ocrx_word' id='word_1_446' title='bbox 2003 4470 2271 4533; x_wconf 83' lang='lat' dir='ltr'><strong>supreme</strong></span> <span class='ocrx_word' id='word_1_447' title='bbox 2292 4449 2524 4530; x_wconf 89' lang='lat' dir='ltr'><strong>Jupiter</strong></span> <span class='ocrx_word' id='word_1_448' title='bbox 2545 4454 2563 4508; x_wconf 74' lang='lat'>1</span> 
     </span>
     <span class='ocr_line' id='line_1_46' title="bbox 434 4543 2407 4614; baseline -0.001 -2"><span class='ocrx_word' id='word_1_449' title='bbox 434 4549 635 4612; x_wconf 54' lang='lat' dir='ltr'><strong>Arist.</strong></span> <span class='ocrx_word' id='word_1_450' title='bbox 664 4549 809 4614; x_wconf 81' lang='lat' dir='ltr'><strong>Lar.</strong></span> <span class='ocrx_word' id='word_1_451' title='bbox 2351 4543 2407 4600; x_wconf 84' lang='lat' dir='ltr'>R</span> 
     </span>
    </p>
   </div>
  </div>
 </body>
</html>
