3059 5059
418 391 504 450 os
1161 382 1958 446 ARIsToPHAle
2280 385 2717 466 [mss-iasa

424 517 666 588 berolez
711 513 818 581 sed
845 512 1116 595 equale:
1159 533 1278 574 non
1321 513 1480 575 enirn
1518 512 1669 574 iliud
1712 514 1915 592 augeri
1956 513 2149 576 decet.
2230 513 2515 578 Sutun-
2552 513 2721 582 Quo·

426 610 610 678 modo
635 629 802 692 ergo.
829 608 1006 673 bomo
1031 605 1280 689 perdite,
1307 626 1486 687 quum
1515 625 1675 668 mare
1698 606 1878 668 nihilo
1918 608 2025 670 fiat
2048 607 2303 681 auctius,
2332 606 2721 674 influentibus

423 704 640 775 fluviis,
699 712 764 764 tu
811 700 1018 764 studes
1075 710 1388 780 argentum
1441 711 1609 763 tuum
1662 700 1895 762 auctius
1923 700 2185 778 ‚facem
2224 719 2425 762 nonne
2465 711 2529 760 te
2580 700 2725 762 hinc

425 797 657 866 auferes
684 815 758 856 ex
784 791 1060 856 aedibus?
1100 793 1250 854 heus
1281 813 1444 874 puer,
1475 791 1619 854 affer
1660 793 1799 855 mihi
1836 794 2161 856 stimulum.
2242 795 2478 856 Auru.
2524 795 2725 875 Hujus

424 891 572 954 faeti
595 899 782 951 testes
809 886 1066 968 appello.
1148 887 1420 948 Srnnrs.
1465 886 1657 966 Perge
1680 907 1699 957 ς
1740 886 1885 967 quid
1914 887 2165 950 cessas!
2207 907 2407 948 nonne
2432 899 2495 948 te
2522 905 2727 949 move-

421 984 540 1058 bis,
567 993 634 1045 tu
661 979 1036 1060 Samphora‘?
1067 969 1072 976 ’
1119 979 1346 1040 Auru.
1393 979 1609 1042 Nonne
1652 979 1783 1042 hoec
1822 981 2183 1043 contumelia
2224 980 2364 1044 est?
2446 981 2727 1042 Srnssrs.

425 1076 566 1139 Non
591 1073 909 1155 erumpes?
937 1071 1302 1134 contundam
1329 1083 1412 1146 te,
1439 1073 1553 1132 sub
1580 1072 1783 1136 culum
1806 1087 1863 1134 te
1879 1093 2177 1154 pungens,
2196 1073 2457 1136 funalem
2474 1095 2727 1156 equum:

423 1166 702 1249 fugiatne?
745 1168 920 1230 Eram
948 1185 1094 1244 ergo
1123 1177 1181 1226 te
1211 1175 1477 1226 moturus
1505 1164 1641 1226 loco
1668 1185 1788 1226 una
1816 1187 1957 1228 cum
1980 1167 2124 1247 ipsis
2153 1167 2299 1229 rotis
2317 1167 2435 1228 tuis
2462 1180 2527 1228 et
2548 1167 2725 1247 bigis.

425 1261 646 1330 Onon.
689 1259 878 1320 Hem!
917 1259 1096 1340 quale
1122 1267 1218 1318 est
1237 1259 1514 1320 adamare
1540 1279 1635 1320 res
1662 1265 1909 1339 pravas!
1960 1259 2197 1340 Quippe
2234 1260 2337 1322 bic
2378 1280 2583 1333 senex,
2622 1259 2729 1340 qui

424 1352 716 1434 ejusmodi
767 1370 860 1413 res
917 1351 1240 1424 adamavit,
1294 1351 1569 1414 fraudare
1618 1351 1731 1414 hos
1784 1352 1915 1412 vult
1961 1353 2238 1433 pecunia,
2284 1373 2461 1433 quam
2517 1351 2733 1414 sumsit

423 1447 690 1509 foenore:
758 1463 872 1506 nec
929 1444 1055 1504 fieri
1117 1444 1354 1522 poterit,
1417 1444 1559 1524 quin
1616 1444 1799 1508 hodie
1858 1446 2093 1508 eveniat
2147 1447 2203 1510 ei
2256 1444 2504 1527 aliquid,
2564 1445 2729 1527 quod

423 1539 626 1612 faciet,
657 1549 725 1598 ut
754 1538 868 1600 iste
901 1546 1228 1616 argutator,
1267 1538 1346 1598 ob
1386 1557 1460 1598 ea
1497 1558 1634 1617 qum
1678 1549 1913 1618 patrare
1950 1539 2157 1619 coepit,
2195 1539 2579 1620 improvisum
2618 1539 2733 1600 ali-

425 1631 590 1712 quod
631 1630 851 1694 malum
891 1629 1164 1710 accipiat.
1251 1630 1405 1700 Nam
1448 1641 1595 1711 puto
1636 1651 1771 1694 eum
1811 1641 2077 1696 actutum
2126 1633 2519 1706 inventurum,
2563 1631 2729 1711 quod

423 1725 652 1792 dudum
681 1724 1008 1804 quaerebat,
1035 1722 1308 1784 nimirum
1335 1735 1404 1784 nt
1426 1724 1581 1786 filius
1610 1725 1666 1788 ei
1692 1726 1879 1804 possit
1920 1724 2097 1788 docte
2136 1726 2447 1786 contrariis
2487 1737 2731 1788 senten-

424 1818 526 1880 tiis
573 1837 922 1898 oppugnare
941 1816 1100 1895 jura,
1130 1815 1284 1876 adeo
1327 1829 1392 1878 ut
1429 1836 1637 1878 omnes
1678 1818 1899 1891 vincat,
1940 1838 2075 1880 cum
2116 1818 2335 1899 quibus
2374 1835 2735 1898 congressus

423 1911 620 1984 fuerit,
662 1908 984 1988 quamlibet
1022 1928 1206 1988 prava
1243 1907 1425 1972 dicat.
1511 1909 1685 1974 Forte
1746 1921 1969 1984 autem,
2010 1912 2165 1972 forte
2200 1911 2429 1993 optabit
2472 1911 2567 1970 vel
2604 1930 2735 1970 rnu-

425 2015 554 2070 tum
583 2021 716 2066 eum
747 2021 904 2066 esse.

509 2099 785 2164 Srnsrs.
830 2095 936 2156 lo!
973 2095 1068 2156 io!
1111 2094 1166 2152 Ο
1199 2093 1376 2156 vicini
1405 2104 1468 2156 et
1487 2095 1727 2174 cognati
1754 2104 1816 2156 et
1856 2095 2197 2175 populares,
2236 2095 2385 2156 ferte
2426 2093 2735 2176 vapulanti

423 2189 702 2258 auxilium
727 2185 938 2267 quovis
965 2196 1163 2264 pacto.
1249 2185 1362 2244 Hei
1391 2186 1537 2246 mihi
1572 2189 1823 2254 misero!
1866 2205 1903 2246 o
1944 2193 2165 2268 caput!
2206 2207 2245 2248 o
2283 2186 2561 2248 maxilla!
2606 2205 2733 2248 sce·

423 2283 596 2356 leste,
637 2289 870 2360 patrem
906 2276 1227 2337 verberas?
1309 2274 1514 2336 Pmn.
1560 2277 1693 2352 Aio,
1734 2289 1923 2356 pater.
2002 2282 2276 2340 Srnnrs.
2317 2279 2533 2342 Videte
2582 2298 2733 2340 con-

421 2375 710 2447 fitentem,
737 2369 900 2450 quod
922 2388 1016 2428 me
1045 2367 1356 2431 verberet?
1437 2368 1645 2434 Pmn.
1689 2371 1929 2451 Utique.
2014 2372 2285 2434 Sutura.
2328 2372 2384 2431 Ο
2423 2371 2734 2446 scelerate,

427 2477 490 2530 ot
516 2463 834 2546 parricida,
861 2471 924 2524 et
951 2461 1238 2540 parietum
1267 2462 1572 2541 perfossor
1591 2468 1610 2522 t
1691 2463 1897 2526 Pmn.
1940 2463 2165 2526 Eadem
2204 2464 2337 2528 haec
2376 2465 2591 2526 iterum
2630 2464 2733 2530 dio

425 2559 590 2630 mihi,
617 2568 681 2618 et
707 2555 881 2636 plura
913 2552 1233 2616 maledicta
1274 2553 1498 2634 ingere.
1582 2556 1743 2616 Num
1799 2569 1864 2616 tu
1918 2557 2097 2618 etiam
2148 2557 2267 2620 scis
2319 2577 2417 2620 me
2462 2557 2733 2622 lubenter

423 2653 584 2714 male
611 2647 857 2712 audire?
939 2647 1212 2714 ὅπως.
1261 2645 1662 2710 Prostibulum
1715 2649 1897 2730 popli.
1984 2650 2189 2714 Pmn.
2234 2651 2579 2732 Compei-ge
2633 2671 2733 2716 me

423 2744 649 2814 multis,
680 2741 854 2804 rosis.
963 2739 1238 2800 Srnnrs.
1303 2739 1543 2803 Patrem
1594 2741 1914 2804 verberas?
2020 2743 2227 2806 Prun-
2293 2744 2479 2804 Immo
2514 2744 2734 2812 ,hercle

426 2841 606 2904 etiam
627 2834 940 2900 ostendam
961 2831 1094 2912 jure
1121 2853 1214 2894 me
1243 2831 1304 2893 id
1347 2835 1581 2898 fecisse.
1666 2836 1943 2898 S‘rasrs.
1986 2838 2040 2897 Ο
2084 2837 2497 2918 impurissime,
2538 2856 2732 2918 ecquo

421 2941 608 3015 pacto
636 2929 762 2992 fieri
787 2934 1008 3009 potest,
1033 2936 1103 2986 ut
1127 2926 1262 3007 quis
1280 2926 1416 3007 jure
1443 2930 1711 2990 verberet
1735 2929 2009 3011 patrem?
2091 2929 2295 2994 Pmo.
2340 2930 2413 2996 ld
2454 2932 2733 3012 equidem

422 3023 868 3094 demonstrabo,
920 3029 983 3080 et
1040 3029 1105 3080 te
1155 3020 1390 3080 vincam
1445 3021 1725 3084 dicendo.
1808 3025 2083 3086 Srnnrs.
2140 3023 2309 3084 Istud
2364 3033 2433 3086 tu
2484 3021 2729 3086 vinces?

422 3118 629 3180 Pmn.
672 3115 876 3192 Longe
901 3112 1142 3190 quidem
1181 3122 1242 3172 et
1284 3112 1480 3174 facile.
1564 3115 1735 3195 Elige
1762 3127 1959 3178 utrum
1987 3136 2061 3176 ex
2090 3115 2321 3178 duobus
2362 3117 2733 3180 sermonibus

422 3229 522 3275 me
570 3205 738 3269 velis
775 3222 1072 3284 perorare.
1155 3205 1425 3265 S‘rnzrs.
1487 3207 1719 3276 Quibus
1774 3207 2185 3270 sermonibus?
2266 3209 2473 3268 Pam.
2517 3208 2733 3272 Utrum

421 3302 572 3365 velis
600 3299 886 3382 potiorem
915 3315 991 3357 an
1022 3296 1392 3356 inferiorem?
1474 3298 1745 3360 Srnsrs.
1792 3300 2081 3380 Equidem
2108 3300 2303 3362 hercle
2338 3319 2635 3362 curassem
2666 3311 2731 3362 te

422 3394 646 3466 doceri,
667 3411 704 3452 o
724 3387 973 3470 perdite,
1016 3388 1137 3468 juri
1184 3388 1613 3464 contradicere,
1670 3395 1719 3452 si
1774 3392 1891 3452 hoc
1940 3411 2073 3454 eras
2124 3391 2267 3456 mihi
2312 3411 2727 3474 persuasurus,

411 3491 644 3571 justum
687 3494 749 3545 et
785 3482 1105 3543 honestum
1147 3500 1305 3554 esse,
1360 3493 1590 3563 patrem
1629 3485 1923 3547 verberari
1968 3505 2007 3546 a
2051 3485 2207 3548 filiis.
2288 3484 2493 3547 Pmn.
2536 3485 2725 3548 Immo

421 3581 671 3644 arbitror
695 3595 790 3637 me
818 3573 929 3634 tibi
953 3575 1036 3635 ita
1077 3593 1514 3655 persuasurum,
1559 3587 1645 3652 ut,
1686 3579 1787 3640 ubi
1828 3578 2141 3654 audiveris,
2182 3598 2259 3639 ne
2288 3579 2415 3660 ipse
2456 3578 2539 3640 sis
2577 3580 2727 3642 mihi

423 3671 927 3741 contradicturus.
1003 3670 1276 3730 Sranrs.
1328 3670 1512 3750 Atqui
1562 3672 1765 3732 audire
1817 3672 1975 3744 volo,
2034 3670 2176 3754 quid
2228 3671 2419 3735 dieas.
2502 3673 2725 3736 Ciron-

423 3769 616 3830 Tuum
641 3772 756 3836 est,
787 3781 826 3822 o
854 3783 1056 3838 senex,
1075 3761 1402 3842 providere,
1434 3785 1557 3844 quo
1583 3777 1761 3845 pacto
1780 3766 1967 3826 virum
1994 3765 2153 3826 hunc
2176 3767 2417 3828 vincas:
2462 3785 2601 3846 nam
2636 3768 2721 3826 is·

420 3869 506 3935 te,
529 3859 722 3922 sinon
750 3860 1025 3938 quapiam
1053 3854 1274 3916 fiducia
1297 3856 1482 3918 fretus
1503 3870 1687 3932 esset,
1709 3879 1831 3922 non
1858 3871 2019 3921 esset
2046 3859 2197 3920 adeo
2224 3870 2564 3940 protervus:
2610 3857 2727 3922 sed

425 3965 520 4016 est
561 3951 812 4033 aliquid,
849 3952 1011 4034 quod
1053 3967 1190 4010 eum
1231 3948 1520 4012 audacem
1562 3953 1743 4015 facit:
1806 3953 2023 4034 quippe
2075 3952 2273 4032 palam
2320 3963 2415 4014 est
2466 3949 2727 4014 hominis

423 4045 740 4127 praefidens
766 4048 876 4110 sibi
907 4047 1157 4109 animus.
1247 4043 1370 4104 Sed
1416 4045 1576 4106 unde
1604 4047 1853 4126 primum
1880 4046 2166 4127 inceperit
2191 4045 2323 4106 hoec
2368 4045 2515 4118 rixa,
2542 4064 2721 4124 opor-

423 4149 514 4203 tet
537 4139 734 4201 dicere
763 4141 1000 4210 Choroz
1041 4150 1108 4200 et
1130 4139 1246 4200 hoc
1275 4138 1378 4198 tibi
1405 4139 1646 4199 omnino
1673 4140 1785 4201 erit
1824 4139 2145 4220 agendum.
2228 4139 2505 4200 Sranrs.
2536 4136 2724 4216 Equi.-

425 4229 562 4292 dem
579 4231 740 4292 unde
757 4234 1009 4312 primum
1029 4233 1376 4314 eoeperirnus
1395 4231 1713 4294 conviciari
1738 4233 1889 4296 inter
1916 4253 2051 4306 nos,
2074 4253 2189 4312 ego
2216 4232 2433 4294 dicam.
2516 4231 2722 4302 Quum

425 4323 584 4386 enim
611 4323 740 4406 jam
766 4326 984 4407 epulati
1010 4345 1300 4399 essemus,
1327 4335 1400 4391 ut
1423 4324 1611 4400 scitis,
1655 4327 1841 4406 primo
1891 4345 2023 4390 eum
2058 4323 2215 4406 jussi
2254 4325 2441 4404 lyram
2480 4343 2722 4404 capere,

295 4443 300 4448 ·
423 4428 490 4478 et
525 4437 740 4480 canere
784 4437 1019 4480 carmen
1062 4412 1408 4492 Simonidis,
1435 4419 1615 4480 Aries
1652 4429 1725 4483 ut
1750 4421 2028 4484 detonsus
2058 4420 2191 4498 suit
2210 4436 2232 4478 .-
2274 4427 2339 4478 at
2374 4417 2475 4480 ille
2516 4417 2720 4478 stat-ini.

422 4507 642 4588 dicere,
668 4511 930 4593 ineptum
951 4531 1080 4574 esse
1106 4529 1322 4575 canere
1349 4513 1426 4572 ad
1453 4512 1740 4576 citharam
1766 4514 1917 4574 inter
1942 4511 2177 4594 pocula,
2207 4509 2370 4574 velut
2406 4509 2709 4574 mulierem
