3059 5059
541 397 682 470 1722
1280 393 2081 459 ARISTOPHANIS
2488 397 2821 476 [aco—36⁷

533 525 708 606 ignis
721 525 847 598 iste,
861 523 1140 588 omnino·
1183 545 1304 588 non
1331 528 1488 590 enim
1511 527 1737 608 alioqui
1760 547 1961 590 morsu
1984 527 2073 591 sic
2100 523 2364 594 loesisset
2384 527 2635 608 g'ramias
2650 545 2853 590 meas.

538 619 786 680 Festina
811 618 890 680 ad
921 637 1114 682 arcem
1143 630 1206 681 et
1231 621 1322 684 fer
1347 641 1522 702 opem
1552 621 1763 684 Divae.
1816 620 2061 702 quando
2112 621 2271 681 enim
2322 620 2379 682 ei
2434 622 2620 701 magis
2660 639 2829 701 quam

537 733 704 777 nunc
729 711 1184 776 succurramus?
1269 716 1382 789 Fu,
1431 717 1516 778 su.
1602 715 1702 778 Dii
1747 715 1910 788 boni,
1962 714 2066 796 qui
2118 714 2355 776 sumus!
2409 713 2551 775 Istic
2601 713 2831 794 quidem

537 807 698 888 ignis
753 805 932 868 deum
987 807 1190 872 favore
1218 807 1426 889 vigilat
1478 818 1543 869 et
1592 808 1756 870 vivit.
1869 807 2093 878 Quidni
2163 827 2329 888 ergo,
2396 805 2675 886 depositis
2734 805 2831 866 hic

537 899 832 974 vectibus,
869 902 1108 968 .viteam
1160 901 1350 964 facem
1402 902 1466 962 in
1515 900 1698 964 ollam
1765 900 2173 976 immittimus,
2229 899 2632 974 accendimus,
2674 909 2730 962 et
2768 897 2831 958 in

529 998 780 1078 januam
821 997 1179 1060 arietarnus‘i
1235 999 1314 1060 Et
1361 999 1500 1074 nisi,
1558 1020 1741 1080 quum
1796 1017 1901 1060 eas
1956 1000 2324 1074 vocabimus,
2380 998 2549 1059 arcis·
2586 997 2837 1058 claustra

537 1091 747 1154 laxent
770 1091 1071 1167 mulier-ee,
1099 1091 1419 1154 incendere
1447 1103 1684 1174 oportet
1730 1092 1910 1167 sores,
1952 1103 2014 1152 et
2062 1094 2228 1153 fumo
2271 1110 2560 1174 premere.
2642 1090 2837 1170 Depo-

539 1205 755 1252 namus
801 1186 930 1266 jam
981 1205 1155 1248 onus.
1263 1186 1434 1248 Vah!
1475 1197 1737 1268 quantus
1786 1187 2021 1247 fumus!
2074 1191 2287 1268 papael
2342 1185 2494 1255 Quis
2538 1203 2573 1245 e
2626 1183 2835 1244 Samiae

539 1278 934 1360 expeditionis
963 1279 1216 1342 ducibus
1245 1279 1420 1342 nobis
1447 1279 1855 1362 opitulabitur,
1878 1299 2239 1362 manumque
2263 1279 2528 1341 vectibus
2570 1277 2841 1338 admove-

537 1371 677 1435 bit?
723 1373 1076 1434 ‘Desierunt
1101 1372 1344 1436 tandem
1369 1373 1458 1434 illi
1505 1373 1750 1435 dorsum
1793 1393 1989 1434 meum
2031 1392 2321 1454 premere.
2400 1374 2482 1433 At
2525 1382 2683 1433 tuum
2724 1381 2841 1443 est,

539 1464 684 1538 olla,
737 1467 1029 1528 carbones
1086 1466 1406 1530 excitare.:.
1431 1467 1528 1530 fac
1583 1466 1805 1528 taedam
1861 1467 2169 1528 incensam
2224 1465 2673 1548 quamprimum:
2698 1463 2843 1526 mihi

539 1556 720 1620 feras.
755 1571 762 1578 ·
807 1559 965 1620 Diva
1009 1559 1276 1622 Victoria
1317 1559 1483 1634 ades,
1513 1559 1713 1642 daque
1754 1561 1951 1636 nobis,
1992 1573 2057 1623 ut
2097 1561 2429 1634 mulierum,
2470 1580 2605 1639 quae
2648 1579 2843 1620 arcem

539 1662 770 1726 tenent,
789 1663 1148 1732 proesentem
1171 1653 1348 1714 istam
1391 1653 1707 1716 audaciam
1754 1655 2164 1736 reprimamus,
2213 1668 2276 1715 et
2324 1653 2843 1735 tropaeumeriga-

540 1763 698 1806 mus.
741 1745 956 1808 Cnoa.
991 1748 1176 1808 Mur„
1213 1746 1540 1808 Flammam
1562 1759 1624 1809 et
1637 1747 1865 1808 fumum
1882 1749 2089 1810 videor
2112 1747 2257 1809 mihi
2283 1767 2547 1820 cernere,
2574 1764 2611 1804 o
2636 1745 2845 1806 mulie-

541 1847 958 1919 res,tanquam
974 1839 1238 1901 ardentis
1255 1840 1413 1921 ignis
1433 1860 1450 1900 :
1473 1841 1878 1903 festinandum
1907 1852 2004 1904 est
2028 1843 2217 1903 ocius.
2260 1837 2849 1912 Sentremvolaffo-

539 1928 624 2001 la,
655 1930 966 2006 Nicodice,
995 1934 1338 2014 priusquam
1367 1933 1766 1996 incendantur
1788 1935 2017 2016 Calyca
2038 1945 2103 1996 et
2126 1934 2400 2016 Critylla,
2418 1935 2563 1993 flatu
2584 1931 2847 2014 undique

542 2041 872 2102 oppressae,
899 2045 937 2088 a
961 2025 1193 2106 legibus
1213 2025 1547 2088 durissimis
1574 2038 1636 2088 et
1654 2027 1901 2109 perditis
1930 2028 2195 2090 senibus.
2280 2027 2571 2088 Samon.
2613 2025 2694 2088 At
2730 2025 2851 2088 hoc

545 2115 766 2178 timeo:
823 2137 968 2180 num
1011 2115 1270 2180 tardiore
1307 2119 1500 2200 gradu
1532 2119 1855 2182 succurro?
1904 2140 2064 2194 nam,
2112 2131 2430 2202 postquam
2477 2123 2661 2201 primo
2698 2119 2857 2181 dilu-

543 2209 683 2272 culo
709 2229 920 2272 urnam
937 2231 972 2272 e
999 2213 1164 2274 fonte
1192 2231 1354 2294 ingre
1381 2213 1639 2296 implevi,
1664 2214 1744 2275 ob
1762 2216 1993 2275 turbam
2016 2225 2078 2276 et
2100 2215 2419 2276 tumultum
2444 2225 2505 2276 et
2545 2213 2855 2296 strepitum

545 2300 998 2379 ollarum,.inter
1025 2305 1276 2367 ancillas
1305 2306 1761 2387 stigmatiasque
1809 2326 2011 2368 servos
2052 2307 2312 2389 pulsata,
2360 2309 2571 2388 raptim
2616 2305 2859 2368 sublata

545 2417 720 2474 urna,
745 2397 1128 2480 popularibus
1155 2397 1302 2460 meis
1329 2398 1563 2460 adustis
1592 2419 1753 2460 nune
1772 2399 2011 2462 demum
2058 2419 2277 2482 aquam
2312 2403 2511 2462 ferens
2546 2419 2859 2462 succurro.

545 2491 766 2555 Audi-vi
807 2491 968 2554 enim
1013 2491 1326 2572 capulares
1371 2512 1571 2566 senes,
1628 2493 1859 2574 stipites
1901 2495 2183 2568 ferentes,
2237 2506 2522 2575 tanquam
2573 2494 2861 2556 balneum

543 2586 958 2660 calefacturos,
983 2587 1159 2648 trium
1185 2585 1419 2648 circiter
1445 2587 1737 2648 talentum
1765 2587 2046 2668 pondere,
2106 2588 2328 2669 impetu
2382 2588 2461 2648 ad
2510 2607 2705 2649 arcem
2746 2587 2861 2662 ire,

547 2679 932 2742 atrocissimis
959 2678 1156 2740 verbis
1197 2679 1505 2740 minaciter
1547 2679 1841 2754 dicentes,
1880 2681 2317 2743 comburendas
2358 2701 2493 2742 esse
2532 2682 2865 2754 sceleratas

547 2774 867 2836 mulier-est
919 2791 1093 2854 quas,
1134 2791 1173 2832 o
1223 2772 1402 2847 Diva,
1457 2792 1537 2833 ne
1586 2772 1819 2835 videam
1873 2793 1988 2854 ego
2044 2777 2351 2837 ambustas
2405 2795 2693 2856 unquam,
2751 2775 2863 2836 sed

545 2865 844 2928 Graeciam
871 2875 934 2928 et
973 2865 1134 2927 cives
1193 2877 1430 2930 nostros
1486 2885 1693 2928 earum
1746 2886 1929 2948 opera
1981 2869 2141 2930 bello
2194 2879 2257 2930 et
2308 2869 2501 2930 furore
2552 2868 2869 2930 liberatos.

547 2962 901 3044 Eapropter,
931 2979 1112 3022 aurea
1139 2961 1316 3042 galea
1340 2960 1580 3041 fulgens
1610 2961 1773 3024 urbis
1798 2961 2056 3038 Praeses,
2082 2975 2218 3026 tuas
2245 2961 2421 3024 sedes
2448 2972 2827 3043 occuparunt
2844 2982 2865 3022 z

545 3066 730 3134 teque
755 3073 909 3117 voco
930 3053 1298 3134 adjutricem,
1327 3055 1378 3116 si
1406 3056 1539 3136 quis
1565 3052 1702 3116 illas
1730 3055 1818 3115 vir
1846 3055 2197 3130 incenderit,
2240 3067 2308 3122 ut
2348 3057 2503 3118 feras
2546 3056 2873 3118 nobiscum

547 3163 786 3227 aquam.
823 3181 836 3211 ι
874 3148 1118 3209 Suu-r.
1149 3147 1395 3221 Omitte,
1424 3147 1544 3209 oh!
1586 3146 1731 3230 quid
1759 3147 1875 3210 hoc
1896 3159 2011 3225 est,
2039 3149 2147 3210 viri
2182 3147 2645 3230 improbissimi?
2671 3149 2879 3214 ,Nun-

547 3260 732 3321 quam
779 3241 936 3305 enim
978 3241 1168 3320 probi,
1214 3250 1320 3300 aut
1365 3241 1450 3320 pii
1497 3241 1613 3301 hoc
1636 3289 1647 3302 .
1670 3241 1957 3304 fecissent
2001 3242 2125 3304 viri.
2208 3243 2425 3306 Onon.
2478 3244 2641 3304 Seu.
2687 3241 2883 3304 Hanc

547 3354 674 3398 rem
689 3335 1126 3414 inexpectatam
1143 3333 1440 3395 cernimus
1459 3332 1632 3396 nobis
1654 3335 1887 3396 evenire
1907 3354 1925 3396 t
1954 3336 2267 3398 mulierum
2284 3355 2533 3398 examen
2554 3335 2707 3397 foris
2732 3355 2885 3398 snc-

548 3428 753 3501 currit.
837 3426 1055 3489 Cnoa.
1086 3427 1271 3488 Mox..
1301 3425 1464 3495 Quid
1491 3444 1605 3488 nos
1632 3425 2004 3490 formidatis?
2043 3430 2330 3510 numquid
2359 3429 2563 3496 multae
2588 3427 2887 3504 videmur

551 3520 734 3604 esse?
816 3521 980 3601 atqui
1001 3531 1251 3601 ,partem
1307 3529 1581 3580 nostrum
1635 3519 2249 3587 decem-millesimam
2298 3524 2583 3604 nondum·
2624 3521 2893 3584 videtiS.

551 3613 768 3677 Cnon.
793 3615 950 3676 Seu.
981 3614 1036 3674 Ο
1081 3611 1380 3688 Phaedria,
1423 3612 1607 3676 hasce
1646 3614 1866 3694 garrire
1915 3626 2037 3678 tam
2084 3616 2270 3678 multa
2312 3615 2615 3679 sinemus?
2662 3635 2891 3678 nonne

548 3717 786 3787 oportet
811 3707 1066 3788 aliquem
1097 3717 1365 3769 nostrum
1395 3706 1506 3768 has
1528 3708 1895 3770 verberando
1916 3709 2555 3792 baculumtrangere‘i
2610 3710 2895 3796 Σ(ἶηοιι.

551 3803 738 3864 Mur..
770 3802 1156 3882 Deponamus
1186 3801 1316 3880 jam
1357 3820 1538 3862 urnas
1590 3821 1701 3866 nos
1756 3801 1931 3863 etiam
1983 3802 2179 3880 humi,·
2208 3813 2392 3865 ut-ne
2432 3803 2897 3884 impedimento
2947 3819 2948 3868 ξ

547 3893 694 3956 mihi
739 3895 839 3969 sit,
868 3896 920 3956 si
967 3894 1104 3976 quis
1157 3911 1396 3956 manum
1445 3895 1818 3970 admoverit„
1882 3897 2098 3958 Cuoa.
2158 3898 2315 3958 Seu.
2361 3898 2475 3959 Nee
2530 3897 2771 3972 hercle,
2838 3899 2902 3958 ai

548 3989 832 4070 quiajam
850 3988 1134 4058 ,maxillas
1161 3986 1427 4061 istarum,
1457 3998 1741 4071 tanquam
1775 3989 2011 4072 Bupali,
2058 3990 2151 4052 bis
2206 4001 2312 4052 aut
2366 3989 2907 4064 te1·.tutudisset,

547 4101 756 4144 vocem
821 4101 940 4142 non
995 4081 1304 4143 haberent.
1423 4081 1642 4143 Cfloa.
1689 4083 1873 4148 Μυῐ..
1932 4085 2119 4164 Atqui
2172 4105 2271 4160 en,
2325 4085 2541 4146 tundat
2604 4084 2911 4164 aliquis:

547 4187 717 4249 stans
741 4195 857 4257 ego
879 4194 949 4237 os
976 4176 1276 4256 praebebo,
1303 4185 1364 4236 et
1384 4195 1688 4256 nunquam
1712 4176 1830 4238 alia
1855 4178 2023 4239 canis
2066 4177 2359 4240 testiculis
2402 4189 2461 4239 te
2501 4177 2917 4259 prehendet.

547 4271 765 4332 Onon.
795 4270 951 4330 Seu.
998 4268 1076 4328 Ni
1091 4281 1290 4342 taces,
1321 4269 1688 4330 verberando
1712 4281 1770 4332 te
1788 4270 2112 4332 senectutis
2144 4291 2291 4334 meae
2313 4270 2946 4338 vires-‚exhauriams

548 4365 769 4427 Onon.
795 4363 982 4426 Mur..
1008 4361 1250 4424 Accede
1277 4361 1480 4438 modo,
1507 4372 1571 4424 et
1596 4362 1787 4444 digito
1815 4374 1997 4446 tange
2024 4364 2395 4446 Stratyllida.
2440 4365 2669 4426 Circa.
2712 4365 2923 4426 Seu.

551 4457 732 4532 Quid,
761 4457 814 4518 si
849 4455 1220 4518 contundam
1263 4475 1396 4518 eam
1435 4455 1704 4538 pugnis?
1760 4458 1902 4540 quid
1948 4457 2103 4520 mihi·
2139 4457 2321 4519 facies
2366 4457 2551 4520 mali?
2616 4457 2931 4522 ‚Cnon.

547 4550 727 4614 Mur..
758 4550 1064 4616 Mordicus
1094 4549 1199 4612 tibi
1225 4549 1537 4632 pulmones
1582 4561 1642 4612 et
1681 4551 1969 4618 intestina
2008 4551 2335 4617 extraham.
2424 4551 2657 4616 Cnoa.
2716 4551 2937 4616 Seu.
