3059 5059
321 378 748 456 1472-1510]
1315 375 1372 436 N
1397 373 1452 434 U
1469 374 1518 437 Β
1544 375 1595 436 E
1612 379 1677 438 s.
2533 378 2615 438 69

315 508 418 588 qui
444 507 656 570 Jovem
681 506 932 589 expulit.
1015 508 1292 570 Srnnrs.
1336 508 1474 570 Non
1515 506 1784 591 expulit:
1826 505 1933 568 sed
1974 524 2087 586 ego
2126 513 2255 568 tum
2296 506 2617 570 arbitrabar

312 600 526 661 Jovem
554 621 690 662 esse
723 603 1012 662 turbinem
1055 601 1236 663 hunc.
1321 601 1437 661 Hei
1465 601 1683 663 misero
1724 599 1906 660 mihi!
1949 619 2130 680 quum
2173 609 2233 660 te
2273 601 2473 676 etiam,
2514 602 2619 682 qui

311 693 516 754 fictilis
562 714 652 767 es,
681 713 790 776 pro
817 694 930 756 deo
971 694 1296 756 habuerim.
1380 697 1591 758 Pam.
1634 693 1775 755 Istic
1821 693 1928 755 tibi
1976 693 2106 773 ipse
2148 693 2355 774 desipe
2402 705 2465 756 et
2508 715 2620 756 nu-

314 805 480 866 gare.
565 789 838 850 Srnzrs.
882 788 998 848 Hei
1034 786 1174 848 mihi
1203 790 1280 848 ob
1320 787 1494 848 istam
1538 788 1867 848 insaniam!
1908 796 2193 866 quantum
2236 786 2617 869 desipiebam,

315 899 498 960 quum
529 883 706 942 etiam
735 882 880 942 deos
907 893 1147 962 propter
1173 883 1480 942 Socratem
1509 881 1815 960 ejicerem!
1847 889 1931 952 at,
1950 899 1987 938 o
2010 880 2310 940 carissime
2340 881 2617 956 Mercuri,

317 991 698 1054 nequaquam
723 975 866 1034 mibi
888 995 1268 1048 succenseas,
1298 993 1492 1055 neque
1519 993 1615 1034 me
1642 971 1896 1052 perdas:
1940 971 2047 1032 sed
2077 971 2156 1031 da
2185 972 2414 1035 veniam
2454 973 2618 1049 mihi,

316 1085 498 1145 quem
545 1067 860 1146 garrulitas
899 1068 1248 1128 delirantem
1299 1067 1794 1127 concinnaverat:
1838 1076 1899 1126 et
1945 1065 2054 1124 fias
2104 1064 2246 1124 mihi
2294 1066 2619 1142 consultor,

315 1174 518 1220 utrum
565 1181 669 1222 eos
713 1161 948 1242 publice
973 1181 1106 1222 reos
1134 1161 1451 1241 postulem,
1483 1179 1561 1218 an
1591 1158 1751 1220 aliud
1779 1157 2014 1232 faciam,
2041 1157 2201 1237 quod
2233 1159 2337 1218 tibi
2367 1159 2618 1220 videtur.

321 1251 515 1312 Recte
543 1273 772 1326 mones,
799 1254 959 1334 quod
989 1273 1109 1314 non
1135 1255 1282 1314 sinis
1309 1253 1440 1314 lites
1477 1271 1786 1324 consuere,
1828 1251 1937 1312 sed
1980 1251 2407 1331 quamprimum
2439 1251 2617 1330 jubes

319 1344 645 1407 incendere
691 1347 937 1408 domum
987 1347 1080 1408 his
1137 1346 1592 1428 argutatoribus.
1699 1343 2028 1417 Adesdum,
2085 1345 2368 1418 Xanthia,
2422 1359 2619 1408 sumta

321 1438 488 1498 scala
515 1439 820 1518 egredere,
847 1440 1103 1518 ligonem
1131 1440 1312 1500 etiam
1341 1440 1555 1509 ferens,
1583 1437 1800 1500 deinde
1820 1435 2078 1498 ascende
2111 1457 2289 1518 supra
2330 1437 2616 1515 scholam,

321 1542 406 1606 et,
431 1533 770 1613 usquedum
807 1533 868 1592 in
899 1534 1059 1614 ipsos
1091 1551 1258 1600 ruere
1285 1533 1468 1592 facias
1505 1532 1767 1602 domum,
1808 1539 2003 1590 everte
2044 1539 2285 1602 tectum,
2328 1531 2378 1590 si
2413 1529 2618 1592 herum

323 1627 516 1686 amas.
599 1626 752 1686 Mihi
778 1645 916 1689 vero
943 1625 1158 1705 aliquis
1182 1625 1335 1686 serat
1359 1624 1551 1684 facem
1579 1641 1917 1694 accensam,
1944 1631 2005 1681 et
2043 1622 2182 1681 saxo
2214 1641 2350 1700 ego,
2378 1635 2447 1682 ut
2485 1623 2617 1684 illo-

323 1737 454 1778 rum
481 1738 778 1779 nonnemo
802 1738 1008 1798 poenas
1035 1717 1176 1778 mihi
1221 1717 1325 1777 det
1362 1717 1561 1788 hodie,
1601 1713 1831 1776 etiamsi
1872 1712 2047 1773 valde
2090 1714 2213 1774 sint
2252 1724 2616 1793 arrogantes.

325 1812 516 1874 stc.
561 1813 609 1873 1.
694 1813 892 1882 10‚10!
975 1813 1245 1872 Sranrs.
1285 1811 1476 1870 Tuum
1533 1815 1646 1880 est,
1698 1825 1737 1865 o
1787 1805 1909 1876 fax,
1963 1805 2273 1884 plurimam
2320 1806 2619 1867 flammam

323 1906 578 1966 mittere.
664 1903 852 1966 Drsc.
897 1906 945 1964 Ι.
1001 1904 1090 1963 Τιι
1141 1903 1343 1975 homo,
1387 1900 1535 1981 quid
1574 1896 1766 1958 facis?
1848 1897 2119 1956 Sram’s.
2162 1897 2321 1965 Quid
2362 1897 2619 1959 faciam?

321 1999 468 2078 quid
497 1995 684 2074 aliud,
737 2016 916 2077 quam
967 1996 1206 2074 disputo
1256 1994 1330 2053 de
1379 1993 1689 2052 subtilibus
1730 1990 1906 2049 rebus
1950 2009 2087 2050 cum
2131 1991 2395 2052 trabibus
2443 1991 2617 2074 hujus

323 2090 588 2157 domus?
673 2088 861 2152 Drsc.
903 2089 984 2148 11.
1050 2089 1218 2151 Heu!
1283 2086 1417 2164 quis
1460 2084 1629 2144 nobis
1671 2081 1937 2144 incendit
1976 2079 2259 2142 domum?
2342 2084 2615 2148 Srmzrs.

323 2184 648 2264 llle,cujus
678 2192 902 2242 vestem
930 2180 1196 2261 cepistis.
1281 2179 1466 2238 D1sc.
1513 2177 1593 2236 11.
1654 2175 1875 2235 Perdes
1904 2194 2038 2246 nos,
2065 2173 2298 2253 perdes.
2342 2175 2615 2240 Srazrs.

325 2278 464 2338 Hoc
491 2279 648 2337 enim
673 2276 866 2356 ipsum
895 2274 1072 2334 etiam
1100 2272 1257 2345 volo,
1284 2271 1399 2331 nisi
1427 2271 1549 2350 ligo
1571 2267 1741 2329 fallat
1768 2287 1904 2347 spes
1950 2287 2133 2340 meas,
2174 2278 2278 2328 aut
2316 2287 2430 2348 ego
2470 2270 2619 2334 forte

327 2375 490 2454 prius
519 2371 804 2450 delapsus
841 2368 1130 2428 cervicem
1171 2367 1420 2444 fregero.
1505 2364 1651 2423 Soc.
1696 2361 1823 2421 Eho
1864 2371 1951 2432 tu,
1996 2360 2136 2440 quid
2180 2359 2348 2434 sacis,
2389 2382 2616 2441 quaeso,

325 2467 431 2547 qui
459 2465 518 2524 in
547 2474 710 2538 tecto
737 2461 846 2522 es?
929 2461 1202 2520 Sram‘s.
1243 2458 1357 2518 Per
1395 2458 1589 2516 acrem
1632 2453 1863 2526 incedo,
1901 2462 1964 2513 et
1991 2451 2190 2513 Solem
2230 2459 2613 2537 contemplor.

327 2561 476 2623 Soc.
519 2557 636 2618 Hei
661 2555 803 2618 mihi
829 2553 1088 2614 misero!
1130 2549 1460 2612 suffocabor
1505 2547 1730 2609 infelix.
1809 2546 2037 2607 Omns„
2074 2547 2162 2636 ¹At
2199 2567 2313 2627 ego
2352 2551 2615 2630 perditus

323 2653 658 2714 comburar.
742 2649 1016 2710 Srnnrs.
1071 2645 1225 2704 Nam
1275 2661 1394 2724 qua
1429 2641 1648 2702 fiducia
1694 2639 1826 2700 freti
1872 2639 2283 2702 contumeliosi
2330 2644 2506 2706 eratis
2551 2648 2613 2709 in

327 2746 496 2816 deos,
523 2752 588 2804 et
617 2743 796 2802 Lnnae
825 2739 1026 2801 sedem
1055 2733 1566 2818 speculabaminii
1608 2731 1782 2814 pelle,
1794 2731 1955 2812 jace,
1984 2732 2091 2792 seri
2118 2733 2318 2794 multis
2355 2735 2430 2795 de
2472 2757 2613 2800 cau·

313 2837 432 2908 sis,
475 2835 728 2898 maxime
776 2853 912 2895 vero
957 2852 1140 2912 quum
1185 2831 1340 2890 scias
1386 2847 1589 2889 eorum
1629 2826 1690 2885 in
1740 2825 1886 2886 deos
1937 2824 2314 2904 impietatem.
2394 2828 2611 2896 Onon.

329 2933 548 2998 Ptaeite
573 2929 774 2992 foras:
817 2925 1048 2988 Chorus
1073 2924 1230 2986 enim
1257 2921 1428 2983 nobis
1457 2920 1605 2983 satis
1632 2929 1728 2981 est
1753 2931 1926 2982 actus
1947 2915 2148 2981 hodie.
