3059 5059
432 409 515 468 20
845 405 1372 466 ARISTOPHAN
1385 406 1456 465 lS
1519 403 2150 466 ACHARNENSES.
2300 409 2359 487 [1
2378 407 2733 468 160-1234

435 535 735 617 appellats
779 535 998 596 deinde
1026 555 1210 615 quum
1238 535 1490 597 voluerit
1530 536 1631 596 ille
1672 513 1803 597 eam
1848 536 2234 616 prehendere,
2264 538 2431 597 canis
2462 537 2655 616 rapiat
2683 547 2746 595 et

432 629 724 708 aufugiat.
805 629 968 689 Seu.
999 629 1225 689 Proeter
1273 628 1434 689 istud
1481 629 1728 700 malum,
1758 629 1920 689 aliud
1961 630 2014 689 ei
2061 639 2417 689 nocturnum
2466 628 2741 688 eveniat:

435 722 780 783 febricitans
833 722 1072 783 domum
1119 741 1192 782 ex
1243 723 1609 800 equitatione
1668 742 1734 782 se
1762 723 2041 801 recipiat:
2086 721 2315 782 dein'de.
2358 721 2556 782 ebrius
2606 719 2741 799 quis

435 818 684 876 Orestes
714 817 909 876 surore
937 814 1196 896 percitus
1235 829 1419 895 caput
1463 815 1516 874 ei
1546 813 1944 875 comminuat·
1987 813 2085 873 ille
2122 823 2321 874 autem
2370 813 2630 893 lapidem
2678 812 2739 871 in

435 926 570 970 eum
587 909 788 988 jacere
814 907 1067 968 volens'
1051 928 1110 967 m
1141 907 1402 968 tenebris
1453 926 1636 967 manu
1665 905 2000 987 prehendat
2036 906 2299 972 merdam
2330 923 2539 966 recens
2566 925 2741 966 caca·

438 1012 583 1073 tam,
632 1001 928 1081 faciatque
972 1001 1257 1080 impetum
1307 1009 1520 1060 tenens
1571 998 1896 1061 illiusmodi
1954 999 2237 1110 lapidem,
2288 1010 2413 1060 tum
2457 1001 2737 1060 aberrans

436 1113 646 1175 scopo,
673 1095 848 1156 feriat
873 1093 1204 1154 Cratinum.

519 1188 693 1249 Fam.
736 1188 790 1247 Ο
823 1186 1063 1260 servuli,
1091 1186 1192 1267 qui
1223 1186 1369 1248 estis
1409 1187 1471 1245 in
1511 1186 1745 1247 aedibus
1789 1186 2092 1259 Lamachi,
2134 1205 2373 1266 aquam,
2426 1203 2640 1264 aquam
2680 1158 2743 1242 in

436 1281 624 1344 ollula
669 1280 1001 1353 calefacite,
1028 1280 1293 1354 linteola,
1321 1291 1584 1340 ceratum
1629 1291 1855 1360 parate,
1900 1280 2099 1340 lanam
2136 1278 2459 1350 succidam,
2497 1277 2745 1337 fasciam

439 1374 686 1455 ligando
713 1373 990 1435 malleolo
1016 1373 1210 1454 pedis.
1301 1373 1399 1433 Vir
1427 1372 1530 1433 ille
1561 1374 1907 1435 vulneratus
1924 1383 2033 1435 -est
2062 1371 2233 1445 sude,
2260 1370 2397 1430 dum
2430 1369 2749 1430 transiliret

436 1469 682 1540 fossam,
707 1478 768 1528 et
787 1465 1096 1526 malleolus
1120 1466 1232 1545 ipsi
1252 1464 1492 1544 luxatus
1520 1475 1636 1538 est,
1666 1477 1729 1526 et
1754 1479 1944 1547 caput
1964 1465 2142 1546 fregit
2167 1463 2503 1545 impingens
2519 1461 2742 1542 lapidi:

435 1575 499 1623 et
525 1562 867 1640 Gorgonem
900 1581 934 1619 e
963 1561 1176 1639 clypeo
1203 1559 1521 1619 excitavit:
1552 1578 1735 1637 quum
1766 1567 1977 1621 autem'
1997 1557 2271 1620 terribilis
2301 1555 2408 1615 illa
2435 1557 2619 1635 pinna
2644 1573 2743 1614 ce-

369 1647 375 1650 *
435 1654 684 1715 cidisset
703 1653 780 1713 ad
809 1663 1027 1734 petras,
1058 1651 1390 1712 Lamachus
1417 1651 1781 1713 horrendum
1812 1652 2005 1714 edidit
2032 1671 2271 1713 carmen
2292 1671 2312 1710 ι
2370 1649 2424 1710 0
2452 1651 2745 1728 inclytum

435 1749 652 1821 lumen,
679 1765 840 1807 nunc
865 1753 1182 1806 extremum
1210 1754 1266 1806 te
1293 1746 1497 1806 videns
1525 1746 1728 1826 linquo
1756 1745 1935 1807 lucem
1962 1766 2163 1808 meam.
2246 1745 2503 1805 Tantum
2538 1744 2745 1803 elocu-

433 1851 556 1915 tus,
585 1841 644 1900 in
668 1841 937 1900 canalem
967 1837 1194 1917 lapsuS,
1223 1838 1435 1918 surgit,
1477 1847 1541 1898 et
1581 1839 1643 1896 in
1668 1839 1952 1918 fugitivos
1996 1837 2290 1919 quosdam
2335 1836 2564 1908 incidit,
2591 1853 2745 1915 proe-

437 1933 628 1994 dones
654 1951 1020 2014 persequens
1062 1941 1124 1991 et
1163 1931 1340 1991 hasta
1366 1950 1661 2011 premens.
1746 1933 1865 1992 Sed
1900 1951 2111 1992 eccum
2142 1930 2317 1992 adest
2366 1931 2537 2012 ipse:
2579 1929 2745 1990 ocius

437 2027 598 2106 aperi
618 2025 886 2105 januam.
917 2039 926 2048 ⁴
973 2024 1140 2083 Lan.
1190 2024 1591 2105 Attapattata!
1638 2025 1883 2085 acerbos
1932 2025 2174 2086 dolores
2202 2035 2263 2086 et
2290 2024 2501 2104 frigus,
2529 2021 2747 2103 quibus

436 2119 696 2179 crucior!
741 2117 940 2177 Interii
972 2117 1168 2189 miser,
1197 2115 1399 2176 hostili
1428 2135 1751 2195 percussus
1781 2117 2013 2179 lancea.
2100 2115 2261 2177 lllud
2284 2135 2427 2197 ergo
2455 2117 2747 2176 lamenta-

435 2213 550 2275 bile
591 2223 652 2272 et
691 2211 968 2291 ejulabile
1001 2210 1139 2270 mihi
1169 2227 1303 2270 esse
1332 2209 1556 2289 possit:
1615 2229 1874 2291 namque
1924 2213 1973 2272 si
2018 2230 2111 2272 me
2158 2209 2357 2270 videat
2384 2207 2747 2288 Dicoeopolis

435 2305 830 2376 vulneratum,
859 2302 1070 2362 illudet
1107 2303 1270 2373 mihi,
1301 2302 1633 2381 ridebitque
1664 2321 1861 2362 meum
1903 2303 2306 2364 infortunium.
2394 2301 2543 2361 Dic.
2574 2301 2749 2360 Atta-

438 2400 718 2470 lattatal.
749 2395 997 2476 Papillae
1026 2395 1158 2455 istae
1197 2413 1374 2474 quam
1415 2394 1585 2454 durae
1640 2406 1801 2468 sunt,
1851 2406 1915 2457 et
1958 2394 2179 2457 similes
2221 2381 2493 2474 cy‘doniis
2534 2392 2745 2454 malis!

439 2493 578 2553 date
611 2489 753 2550 mihi
800 2488 1050 2562 savium,
1095 2507 1314 2561 aureae,
1365 2498 1446 2548 ct·
1477 2488 1937 2563 morsiunculas‚
1986 2501 2050 2550 et
2090 2487 2463 2550 collabellate
2518 2487 2745 2548 oscula.

437 2585 618 2644 Nam*
668 2581 948 2662 congium
1009 2581 1232 2660 primus
1283 2581 1554 2641 exhausi.
1680 2583 1851 2644 Lm.
1914 2583 1971 2642 Ο
2022 2583 2207 2642 tristis
2256 2599 2432 2642 casus
2480 2599 2745 2642 meorum

437 2677 765 2739 malorum!
844 2673 980 2746 heu,
1030 2673 1173 2746 heu,
1229 2673 1476 2734 vulnera
1548 2675 1990 2736 excruciantial
2094 2675 2249 2736 Drc.
2313 2675 2401 2745 lo,
2458 2674 2539 2749 io,
2581 2675 2745 2735 salve

440 2767 737 2830 Lamache
801 2770 1024 2846 eques!
1107 2767 1280 2828 Lan.
1341 2767 1434 2826 Ah
1481 2787 1576 2827 me
1635 2768 1949 2828 miserum!
2055 2769 2206 2829 Drc.
2250 2765 2348 2826 Ah
2398 2786 2491 2827 me
2534 2787 2747 2828 oerum-

438 2867 699 2924 nosum!
782 2861 953 2919 Lm.
997 2858 1159 2927 Quid
1214 2871 1278 2919 tu
1333 2881 1427 2921 me
1464 2860 1687 2922 blande
1732 2860 2088 2941 compellas!
2173 2861 2323 2921 Drc.
2357 2859 2514 2927 Quid
2558 2872 2621 2919 tu
2652 2877 2747 2920 me

441 2954 729 3017 mordes?
813 2953 989 3012 Lim.
1033 2951 1220 3012 Miser
1269 2973 1384 3032 ego
1436 2965 1677 3036 propter
1728 2954 1937 3013 duram
1994 2954 2053 3013 in
2108 2957 2315 3035 praelio
2374 2952 2747 3033 symbolam!

441 3051 592 3110 Drc.
636 3047 874 3124 Ergone
901 3045 1018 3104 hoc
1041 3045 1272 3104 Choum
1299 3047 1452 3106 festo
1476 3048 1777 3127 symbolas
1801 3047 1935 3126 quis
1964 3047 2240 3127 exigebat
2263 3048 2291 3106 ’ἐ
2372 3049 2544 3107 ΕΔΜ.
2573 3047 2640 3105 10
2668 3046 2748 3118 io,

439 3143 651 3211 Paean,
700 3138 922 3197 Paean!
1006 3136 1158 3197 Dxc.
1199 3137 1318 3196 Sed
1369 3159 1492 3198 non
1546 3139 1925 3200 celebrantur
1973 3139 2151 3200 hodie
2207 3140 2475 3200 Paeonia.
2574 3139 2751 3198 Lau.

443 3230 821 3312 Brehendite,
865 3228 1213 3310 prehendite
1271 3250 1467 3291 meum
1517 3251 1676 3292 crus.
1762 3231 1983 3312 Papaet
2052 3243 2249 3294 tenete
2304 3254 2421 3307 me,
2470 3252 2507 3292 o
2552 3232 2751 3294 amici.

441 3329 594 3388 Dm.
633 3325 761 3385 Vos
805 3335 1002 3383 autern
1031 3344 1226 3384 meum
1274 3343 1489 3404 penem
1537 3326 1725 3386 ambae
1771 3325 2030 3386 medium
2058 3324 2425 3405 prehendite,
2453 3346 2492 3386 o
2520 3325 2751 3386 amicae.

442 3423 612 3481 Lim.
675 3418 984 3497 vertigine
1037 3417 1242 3477 laboro
1297 3429 1484 3498 caput
1534 3439 1854 3499 percussus
1912 3419 2131 3499 lapide,
2180 3431 2243 3479 et
2296 3420 2557 3479 tenebroe
2610 3420 2751 3479 mihi

444 3514 852 3576 offunduntur.
938 3510 1088 3571 Drc.
1131 3512 1215 3572 At
1240 3531 1356 3591 ego
1395 3514 1791 3573 concumbere
1820 3512 1979 3585 volo,
2007 3514 2147 3591 quia
2175 3511 2461 3592 tentigine
2490 3531 2748 3593 rumpet,

444 3603 506 3670 et
559 3609 616 3668 in
677 3605 936 3667 tenebris
979 3605 1210 3665 futuere
1266 3609 1477 3686 gestio.
1566 3607 1738 3665 Lim.
1782 3607 1967 3665 Foras
2008 3603 2211 3666 efferte
2262 3625 2357 3664 me
2398 3605 2459 3665 in
2507 3605 2750 3666 domum

445 3699 648 3764 Pittali
677 3699 928 3779 paeoniis
960 3699 1256 3758 manibus.
1340 3697 1492 3762 Dm.
1521 3698 1618 3758 Ad
1632 3699 1869 3778 judices
1895 3719 1991 3758 me
2013 3697 2239 3758 efferte.
2314 3698 2429 3758 Ubi
2450 3710 2545 3757 est
2572 3697 2749 3760 Rex'l

437 3795 585 3854 date
641 3792 784 3852 mihi
830 3803 1040 3851 utrem.
1127 3789 1300 3852 Lau.
1345 3791 1535 3852 Infixa
1578 3804 1673 3852 est
1725 3793 1875 3852 meis
1902 3791 2138 3852 ossibus
2168 3791 2477 3852 dolorifica
2519 3791 2753 3852 lancea.

447 3887 597 3948 Drc.
625 3884 839 3945 Videte
859 3883 1020 3943 hunc
1041 3884 1318 3962 congium
1349 3903 1625 3945 vacuum.
1671 3885 1739 3944 Io
1756 3884 2081 3964 triumphe!
2138 3885 2442 3945 Cnon.lo
2464 3885 2753 3964 triumphe

444 4001 610 4060 ergo,
639 3975 1129 4059 quandoquidem
1181 3989 1248 4036 tu
1298 3995 1502 4052 vocas,
1552 3997 1589 4038 o
1638 3983 1861 4039 senex!
1946 3977 2102 4038 Drc.
2147 3977 2225 4036 Et
2265 3979 2527 4057 insuper,
2558 3996 2749 4038 mera-

445 4074 604 4132 ciore
627 4073 850 4143 infuso,
877 4089 998 4129 uno
1029 4069 1235 4148 spiritu
1267 4069 1539 4132 exhausi.
1625 4071 1843 4132 Cnoa.
1887 4071 1955 4131 Io
1984 4070 2314 4149 triumphe!
2376 4091 2413 4131 o
2443 4090 2753 4150 generose,

441 4166 482 4238 i,
513 4174 708 4226 sumto
731 4174 888 4222 utre.
971 4163 1126 4222 Drc.
1153 4163 1489 4243 Sequimini
1521 4163 1651 4244 jam
1680 4172 1993 4224 cantantes
2024 4164 2093 4224 Io
2124 4165 2446 4242 triumplu.
2530 4165 2749 4224 Grion.

439 4259 580 4339 'Age
609 4275 924 4335 sequemur
952 4265 1056 4316 tua
1081 4275 1288 4332 causa,
1315 4258 1382 4318 Io
1405 4257 1735 4337 triumphe!
1777 4267 2087 4319 cantantes
2116 4268 2175 4318 te
2202 4267 2263 4318 et
2292 4267 2500 4318 utrem.
