3059 5059
302 399 742 478 παπ-1302]
1326 396 1449 458 av
1466 397 1519 458 E
1541 397 1607 459 S.
2493 401 2608 462 139

292 531 377 590 Bt
400 531 539 612 quis
570 551 713 593 vero
738 530 893 592 alius
918 538 1015 592 est
1038 529 1189 591 deus
1216 527 1244 586 2
1324 527 1562 589 Prsrn.
1586 528 1746 588 Aves
1772 525 2112 589 horninibus
2139 547 2298 590 nunc
2326 538 2470 590 sunt
2495 530 2602 606 dii,

296 623 521 704 quihus
540 623 723 685 etiam
748 623 979 704 operari
998 621 1197 695 decet,
1236 640 1357 710 non
1404 629 1624 696 autem,
1669 619 1756 680 ita
1797 639 1890 680 me
1935 619 2170 700 Jupiter
2217 632 2396 693 amet,
2444 621 2602 684 Jovi.

292 717 399 778 In.
430 717 487 775 Ο
518 714 723 790 stulte,
752 717 957 790 stulte,
988 733 1201 794 graves
1242 733 1319 774 ne
1362 731 1670 774 commove
1717 711 1962 773 deorum
2011 713 2150 785 iras,
2177 721 2246 772 ut
2289 729 2362 772 ne
2411 731 2602 792 genus

293 828 477 869 omne
504 821 670 872 tuum
700 809 777 870 ad
814 807 1275 870 internecionem
1294 805 1463 868 Jovis
1508 806 1710 886 ligone
1753 805 2026 866 funditus
2067 815 2292 866 evertat
2335 806 2372 864 J
2379 808 2602 882 ustitia,

294 901 491 980 fuligo
520 915 721 962 autem
744 901 1029 982 Licymnii
1072 898 1337 960 fulminis
1368 909 1536 959 tuum
1575 918 1796 979 corpus
1837 897 2174 978 oediurnque
2215 897 2498 961 ambitum
2539 902 2602 960 in

292 995 529 1054 cineres
560 994 810 1074 redigat.
893 993 1127 1054 Pis-ru.
1150 991 1586 1054 Auscultadum
1611 1012 1628 1052 :
1686 991 1894 1053 desine
1915 991 2272 1054 tumidorum
2293 992 2602 1054 verborum

263 1085 496 1146 'inanis
526 1087 848 1167 strepitus:
900 1087 1161 1167 quiesce.
1246 1087 1397 1166 Age,
1426 1084 1521 1145 dic
1559 1085 1725 1158 mihi,
1774 1086 2078 1166 Lydumne
2121 1084 2480 1165 quempiam,
2523 1105 2604 1146 an

292 1179 603 1258 Phrygem
631 1179 724 1239 his
753 1179 929 1240 dictis
973 1179 1427 1259 perterrefacere
1470 1189 1532 1238 te
1577 1177 1800 1258 putas?
1854 1179 2000 1240 scin’
2049 1197 2212 1251 vero,
2267 1177 2318 1240 si
2370 1178 2604 1258 Jupiter

296 1272 557 1352 amplius
586 1271 729 1331 mihi
748 1271 1033 1333 molestus
1063 1273 1259 1345 fuerit,
1302 1291 1397 1332 me
1444 1271 1608 1332 sedes
1649 1271 1838 1352 ipsius
1885 1283 1946 1333 et
1991 1271 2202 1332 domos
2249 1271 2602 1350 Amphionis

294 1366 749 1426 combustarum
780 1365 1042 1444 igniferis
1090 1363 1347 1446 aquilis?
1398 1365 1746 1446 mittamque
1790 1365 2218 1446 porphyriones
2272 1365 2334 1424 in
2383 1365 2601 1426 coelum

294 1467 511 1518 contra
534 1477 673 1517 eum
694 1457 886 1532 alites,
914 1455 1083 1538 pardi
1112 1457 1269 1538 pelle
1299 1458 1574 1531 amictos,
1599 1477 1846 1520 numero
1874 1457 2012 1539 plus
2040 1477 2220 1539 quarn
2260 1467 2600 1520 sexcentos.

296 1549 377 1610 Et
400 1549 648 1630 quidem
676 1571 833 1611 unus
861 1551 1003 1610 olim
1032 1550 1401 1632 Porphyrion
1444 1551 1750 1630 negotium
1779 1551 1834 1612 ei
1875 1550 2160 1612 exhibuit.
2242 1551 2333 1611 Tu
2363 1569 2502 1612 vero
2551 1551 2604 1611 si

296 1643 443 1704 mihi
472 1644 615 1706 odio
644 1664 778 1705 esse
802 1663 1039 1725 pergas,
1068 1654 1173 1705 tua
1192 1645 1445 1724 primum
1472 1644 1710 1704 famulae
1751 1663 1925 1705 crura
1963 1644 2308 1716 sustollens,
2350 1644 2602 1706 femora-

296 1757 413 1816 que
436 1736 759 1810 diducens,
786 1738 977 1818 ipsam
1002 1737 1216 1798 Iridem
1262 1737 1465 1797 inibo:
1524 1747 1594 1798 ut
1639 1738 1884 1808 mireris,
1937 1737 2240 1818 quomodo
2291 1736 2433 1796 mihi
2485 1738 2600 1800 hoc

295 1841 563 1890 senectae
610 1831 781 1911 penis
830 1831 979 1892 adeo
1028 1831 1237 1910 rigeat,
1280 1829 1359 1890 ad
1408 1839 1730 1908 ternosque
1771 1829 1970 1890 valeat
2015 1848 2414 1910 compressus.
2504 1830 2602 1892 In.

297 1922 649 2003 Dispereas,
677 1923 895 2004 inepte,
932 1942 1071 1983 cum
1114 1923 1243 1982 istis
1300 1921 1417 1983 tuis
1470 1922 1669 1984 dictis.
1753 1921 1988 1982 Pam-11.
2047 1921 2186 1982 Non
2233 1933 2300 1982 tu
2345 1921 2486 1983 h’nc
2539 1934 2604 1984 te

294 2016 630 2097 proripies?
672 2035 871 2078 nonne
900 2016 1217 2078 confestim
1244 2032 1447 2088 eurax,
1482 2013 1708 2094 patu?
1793 2014 1889 2074 la.
1935 2013 2113 2084 Quod
2143 2016 2194 2074 si
2240 2014 2400 2076 hanc
2437 2025 2604 2078 tuam·

294 2109 679 2170 insolentiam
718 2121 887 2191 pater
944 2129 1112 2172 meus
1170 2127 1291 2170 non
1344 2106 1850 2188 compescuerit—
1932 2107 2166 2168 Pis-ru.
2222 2107 2334 2166 Voe
2385 2106 2602 2168 misero

296 2203 479 2263 mihi!
520 2223 723 2264 nonne
744 2202 863 2263 alio
884 2203 1131 2263 avolans
1157 2203 1321 2264 sumo
1350 2211 1411 2262 et
1436 2201 1681 2280 fuligine
1699 2199 1972 2278 implebis
1981 2201 2282 2280 juniorum
2301 2199 2602 2278 aliquem?

296 2297 521 2360 Grion.
566 2297 983 2358 Interdiximus
1012 2315 1089 2356 ne
1116 2294 1371 2375 amplius
1413 2295 1566 2354 Jove
1611 2294 1738 2354 nati
1788 2293 1872 2352 dii
1911 2313 2018 2372 per
2053 2311 2244 2354 meam
2293 2302 2604 2354 transeant

250 2424 267 2439 ·
296 2391 531 2461 urbem,
554 2409 703 2450 neve
736 2391 1049 2470 quisquam
1074 2389 1339 2449 mortalis
1368 2387 1632 2448 victimas
1660 2386 1722 2446 in
1751 2385 1988 2464 templis
2030 2385 2278 2447 adolens
2317 2385 2436 2446 hac
2473 2404 2602 2446 am·-

298 2482 463 2562 plius
494 2481 569 2542 ad
599 2481 745 2544 deos
772 2483 968 2542 mittat
992 2482 1240 2542 fumum.
1322 2479 1557 2540 Pura.
1583 2479 1787 2538 Metuo
1811 2495 1956 2538 sane
1981 2496 2337 2557 praeconem,
2377 2478 2491 2557 qui,
2519 2477 2604 2538 ad

296 2575 570 2636 homines
610 2576 774 2648 abiit,
830 2595 907 2635 ne
962 2593 1265 2653 nunquam
1316 2579 1661 2632 revertatur.
1743 2569 1962 2632 Pnac.
2020 2571 2074 2630 Ο
2131 2571 2508 2644 Pisthetoere,
2564 2587 2603 2631 o

298 2671 501 2742 beate,
521 2690 558 2730 o
576 2668 1035 2750 sapientissime,
1056 2687 1093 2728 o
1114 2665 1513 2737 celeberrime,
1544 2683 1581 2723 o
1609 2662 2067 2743 sapientissime,
2094 2683 2132 2724 o
2159 2663 2532 2744 politissime,
2561 2663 2614 2724 θ’

296 2765 587 2836 terbeate‚
630 2783 667 2824 o
724 2762 1025 2826 silentium
1078 2761 1320 2842 impera.
1406 2757 1639 2817 Pmn.
1697 2756 1859 2825 Quid
1911 2775 2050 2818 vero
2102 2754 2300 2818 dicis?
2384 2755 2602 2818 Pnac-

295 2856 429 2916 Ista
454 2867 515 2918 te
542 2875 725 2916 aurea
748 2874 973 2915 corona
998 2853 1307 2935 sapientia
1334 2871 1477 2930 ergo
1516 2860 1808 2910 coronant
1845 2859 1910 2910 et
1948 2847 2352 2911 condecorant
2391 2867 2600 2910 omnes

296 2949 527 3030 populi.
608 2948 843 3008 Pis-ru.
872 2946 1142 3028 Accipio.
1222 2946 1347 3006 Cur
1372 2951 1570 3004 autem
1599 2951 1768 3002 tanto
1805 2961 1898 3002 me
1939 2959 2118 3021 opere
2157 2943 2454 3004 honorant
2489 2961 2604 3023 po·

300 3041 481 3122 puli?
561 3041 779 3103 Pane.
824 3040 877 3101 O
910 3054 998 3114 tu,
1046 3039 1148 3120 qui
1188 3037 1624 3100 celeberrimam
1663 3033 1984 3096 condidisti
2027 3035 2328 3098 aetheriam
2373 3036 2600 3110 urbem,

304 3134 507 3194 nescis
534 3145 761 3213 quanto
790 3135 873 3194 sis
894 3134 1055 3215 apud
1079 3131 1349 3193 homines
1376 3130 1623 3202 honore,
1657 3137 1922 3208 quotque
1961 3126 2184 3190 habeas
2225 3127 2402 3208 hujus
2441 3127 2600 3206 regi-

300 3229 437 3289 onis
466 3235 781 3288 amatores.
866 3227 1099 3288 Etenim
1129 3235 1449 3304 antequam
1475 3223 1632 3284 hanc
1671 3220 2044 3282 condidisses
2083 3223 2288 3283 urbem
2325 3221 2598 3282 Laconas

302 3319 579 3382 imitandi
606 3319 803 3381 studio
850 3331 975 3380 tum
1028 3319 1401 3382 insaniebant
1450 3315 1724 3376 homines
1771 3333 1999 3389 omnes,
2051 3333 2282 3376 comam
2337 3315 2598 3385 alebant,

303 3415 671 3488 esuriebant,
714 3411 1060 3486 sordebant,
1099 3413 1403 3472 Socratem
1444 3409 1894 3481 aemulabantur,
1935 3407 2229 3488 scipiones
2271 3409 2598 3470 Laconicus

302 3509 661 3588 gestabant:
718 3525 879 3568 nunc
904 3524 1043 3568 vero
1074 3506 1205 3566 vice
1226 3523 1397 3564 versa
1422 3503 1620 3564 avium
1655 3520 1854 3563 amore
1893 3499 2238 3572 insaniunt;
2285 3501 2600 3582 omniaque

302 3621 431 3680 prae
472 3601 779 3678 voluptate
799 3600 1043 3671 faciunt,
1062 3618 1201 3677 que
1228 3617 1393 3671 aves,
1421 3613 1644 3673 easque
1670 3593 1996 3655 imitantur.
2079 3594 2338 3656 Primum
2355 3593 2599 3676 quidem

304 3711 519 3752 omnes
544 3711 580 3752 e
608 3692 859 3772 vestigio
880 3711 915 3752 e
938 3692 1160 3754 lectulo
1186 3690 1361 3751 simul
1388 3687 1703 3770 provolant
1727 3705 1922 3761 mane,
1968 3687 2143 3750 sicuti
2187 3709 2296 3752 nos
2339 3689 2418 3750 ad
2459 3707 2600 3770 pas-

300 3805 454 3854 cua:
507 3784 731 3846 deinde
756 3785 931 3846 simul
966 3806 1031 3847 se
1072 3785 1384 3848 conferunt
1427 3781 1507 3842 ad
1554 3779 1808 3854 libellos,
1853 3792 2032 3862 atque
2075 3782 2156 3843 ibi
2198 3782 2601 3864 depascuntur

298 3879 641 3958 plebiscita.
726 3879 871 3940 Tam
901 3887 1099 3960 aperte
1120 3897 1257 3940 vero
1284 3876 1481 3938 avium
1502 3873 1808 3934 insaniunt
1829 3892 2050 3948 amore,
2079 3887 2150 3936 ut
2167 3857 2344 3938 etiam
2383 3876 2598 3956 pleris-

302 3991 424 4052 que
458 3971 653 4032 indita
678 3971 799 4032 sint
826 3972 1019 4032 avium
1046 3972 1302 4032 nomina.
1368 3969 1601 4033 Perdix
1649 3967 1806 4028 enim
1849 3987 2042 4049 caupo
2081 3969 2324 4050 quidam
2352 3979 2600 4030 vocatur

304 4063 601 4134 claudus;
658 4064 945 4144 Menippo
1000 4079 1195 4126 autem
1244 4083 1463 4125 nomen
1516 4071 1610 4122 est
1666 4059 1956 4124 Hir-undo
1973 4084 1999 4131 ‚-
2049 4061 2316 4143 Opuntio
2369 4063 2602 4126 Luxu

306 4177 521 4220 emus
538 4179 565 4226 ,-
648 4158 892 4220 Alauda
946 4158 1235 4220 Philocli:
1308 4156 1635 4237 Vulpamer
1685 4155 2023 4236 Tbeageniz
2109 4157 2238 4220 Ibis
2291 4159 2600 4239 Lycurgos

308 4249 739 4331 Chaerephonti
773 4251 1117 4331 Vesper-tilio
1133 4274 1157 4319 ‚-
1182 4250 1499 4331 Syracusio
1528 4251 1686 4311 Pica
1705 4269 1727 4308 .·
1754 4248 1976 4311 Midias
2005 4262 2202 4314 autem
2231 4251 2356 4312 illic
2385 4251 2602 4312 Gom·

304 4345 419 4404 nia·
446 4345 783 4404 nominatur
798 4365 817 4413 ς
848 4363 986 4404 nam
1014 4343 1219 4404 similis
1247 4353 1341 4405 est
1364 4341 1656 4404 coturnici
1683 4359 1722 4401 a
1745 4361 2020 4423 pugnace
2047 4344 2208 4426 gallo
2233 4354 2414 4426 caput
2437 4345 2600 4404 icta.

305 4435 539 4498 Omnes
560 4445 763 4500 autem
790 4457 913 4517 prae
934 4437 1129 4500 avium
1175 4455 1371 4497 amore
1417 4435 1680 4497 carmina
1725 4446 1992 4512 cantant,
2031 4437 2092 4498 in
2139 4439 2352 4519 quibus
2375 4436 2600 4498 mentio

301 4529 587 4608 quedam
612 4529 946 4598 hirundinis
968 4541 1059 4594 est
1100 4531 1343 4608 inserta,
1384 4541 1487 4594 aut
1524 4527 1855 4611 penelopis,
1881 4541 2004 4608 aut,
2035 4533 2086 4596 si
2111 4531 2318 4610 mavis,
2349 4529 2598 4604 anseris,
