3059 5059
280 368 721 445 1129—1193}
1124 365 1788 431 LYSISTRATA.
2462 374 2580 433 185

270 507 473 559 autern
498 516 611 559 vos
626 496 928 561 communi
974 509 1324 579 argumento
1369 499 1697 579 increpare,
1739 499 1924 580 idque
1967 502 2218 562 merito:
2275 506 2398 584 qui,
2437 501 2582 565 licet

268 589 485 653 eadem
515 611 675 672 aqua
703 591 937 651 lustrali
978 610 1111 653 aras
1152 593 1584 673 conspergatis,
1627 604 1910 674 tanquam
1951 595 2216 674 cognati.
2261 596 2577 679 Olympiae,

270 683 464 765 Pylis,
496 683 770 763 Delphis,
796 682 988 757 (Quot
1012 684 1133 745 alia
1154 682 1550 747 memorarem
1568 685 1724 758 loca,
1756 687 1805 746 si
1830 686 2042 748 vellem
2071 708 2204 749 esse
2233 689 2510 768 prolixior
2527 690 2580 765 ἲ)

267 796 453 857 quum
481 797 604 838 non
634 777 835 840 desint
868 777 1103 838 barbari
1139 776 1367 850 hostes,
1412 788 1610 839 tamen
1652 780 1884 840 infestis
1931 778 2286 841 exercitibus
2333 782 2582 844 Graecos

266 879 329 930 et
354 888 567 930 eorum
604 872 777 931 urbes
808 870 1225 950 pessundatis.
1310 872 1660 933 Communis
1707 872 1948 951 quidem
1981 874 2096 933 ista'
2140 875 2330 936 oratio
2375 877 2584 938 hacte-

265 982 381 1023 nus
410 962 561 1023 mihi
578 964 799 1025 finitur.
882 963 1038 1025 Por..
1067 963 1151 1024 At
1203 980 1317 1043 ego
1372 964 1660 1045 tentigine
1710 984 1910 1046 pereo.
1993 967 2146 1031 Lts.
2192 967 2425 1030 Deinde
2469 990 2576 1031 vos

268 1054 565 1130 Lacones,
594 1077 733 1117 nam
760 1056 839 1117 ad
866 1076 975 1119 vos
1002 1077 1097 1117 me
1127 1068 1488 1131 convertam,
1513 1077 1714 1119 nonne
1743 1058 1930 1132 scitis,
1973 1072 2042 1123 ut
2064 1060 2203 1121 olim
2254 1060 2372 1123 huc
2418 1064 2582 1123 veni·-

268 1168 377 1211 cns
406 1149 737 1212 Periclides
763 1151 945 1225 Laco,
968 1152 1434 1212 Atheniensibus
1464 1151 1738 1233 supplex,
1781 1152 1860 1213 ad
1908 1172 2041 1213 aras
2093 1154 2268 1229 sedit,
2296 1155 2578 1237 pallidus,

266 1244 325 1303 in
350 1262 655 1323 purpureo
682 1243 923 1317 amictu,
954 1243 1267 1305 auxiliares
1323 1244 1527 1324 copias
1572 1244 1832 1325 petens?
1883 1265 2019 1305 narn
2065 1257 2210 1307 tunc
2253 1267 2362 1309 vos
2404 1269 2580 1329 urge-‚-

264 1336 371 1397 bat
418 1335 731 1410 Messena,
758 1346 824 1397 et
846 1354 979 1397 una
1034 1337 1353 1418 Neptunus
1404 1346 1622 1397 terram
1673 1338 1970 1417 quatiens.
2050 1339 2132 1400 At
2173 1340 2388 1401 Cimon
2441 1360 2580 1401 cum

264 1436 524 1509 quatuor
548 1430 809 1490 millibus
834 1431 1075 1491 armatis
1096 1431 1398 1511 profectus
1425 1430 1764 1507 universam
1787 1432 2044 1492 servavit
2065 1433 2578 1497 Lacedaemonem.

265 1520 378 1581 His
405 1522 487 1581 ab
504 1520 971 1584 Atheniensibus
998 1523 1262 1605 acceptis
1290 1524 1614 1595 beneficiis,
1643 1524 1891 1584 vastatis
1937 1534 2174 1599 terram,
2217 1528 2388 1607 cujus
2437 1529 2581 1591 talia

268 1625 416 1675 sunt
460 1615 525 1673 in
574 1636 682 1676 vos
732 1616 960 1676 merita.
1044 1616 1206 1678 Pon.
1265 1616 1467 1693 Injurii
1524 1627 1664 1677 sunt
1721 1618 1820 1677 isti
1849 1616 2085 1689 hercle,
2136 1637 2173 1678 o
2229 1619 2582 1699 Lysistrata.

267 1707 429 1767 Lm.
460 1706 666 1789 Injurii
691 1725 934 1766 sumus:
972 1706 1101 1765 sed
1146 1708 1247 1766 vix
1300 1707 1421 1767 dici
1470 1717 1692 1785 potest,
1733 1728 1922 1787 -quam
1973 1710 2222 1789 pulcher
2271 1713 2350 1772 sit
2403 1712 2580 1794 hujus

265 1799 463 1863 culus.
547 1800 699 1860 Lxs.
728 1800 813 1858 At
853 1810 1107 1880 putasne
1146 1818 1239 1857 me
1284 1817 1395 1858 vos
1430 1798 1847 1865 ‚Athenienses
1903 1802 2306 1863 absoluturam
2359 1806 2577 1885 culpa?

267 1911 473 1954 nonne
522 1891 889 1961 meministis,
942 1903 1007 1949 ut
1056 1890 1311 1951 vicissim
1360 1892 1650 1965 Lacones,
1697 1891 1939 1971 quando
1997 1896 2304 1955 servilibus
2361 1900 2580 1960 tunicis

268 1985 467 2046 induti
508 1985 711 2058 eratis,
754 1984 1057 2045 venientes
1102 1984 1329 2055 armati,
1372 1982 1592 2043 multos
1642 1985 1989 2046 occiderunt
2029 1987 2370 2063 TbessaloS,
2423 1990 2582 2053 mul-

266 2077 755 2159 tosqueflippioe
812 2078 1033 2137 amicos
1077 2087 1139 2136 et
1194 2076 1408 2149 socioS,
1446 2076 1558 2137 soli
1604 2079 1908 2157 suppetias
1962 2080 2126 2141 vobis
2175 2082 2428 2143 ferentes
2471 2084 2578 2145 illo

266 2171 389 2247 die,
412 2182 481 2232 et
534 2171 809 2232 restituta
860 2169 1027 2229 vobis
1082 2169 1376 2242 libertate,
1424 2188 1529 2249 pro
1592 2171 1786 2231 servili
1845 2172 2047 2233 tunica
2092 2174 2376 2253 populum
2443 2197 2577 2237 ves-

263 2273 425 2325 trum
470 2264 654 2345 pallio
694 2262 1038 2323 amiciet-unt
1084 2260 1331 2323 denuo?
1416 2262 1572 2323 Lao.
1617 2262 1900 2325 Nondum
1933 2266 2051 2325 vidi
2095 2266 2398 2327 mulierem
2424 2289 2579 2350 prae-

267 2357 646 2419 stantiorem.
744 2356 899 2419 Por..
941 2357 1025 2417 At
1070 2375 1185 2435 ego
1233 2376 1495 2417 cunnum
1552 2376 1854 2439 nunquam
1898 2358 2312 2438 pulchriorem.
2426 2362 2582 2423 LYs.

269 2452 397 2513 Cur
420 2470 591 2532 ergo,
612 2468 794 2531 quum
824 2461 947 2510 tam
974 2450 1171 2516 multa¹
1189 2461 1251 2510 et
1274 2451 1567 2531 praeclara
1591 2450 1802 2511 merita
1825 2464 2024 2513 vestra
2051 2463 2310 2527 exstent,
2351 2474 2580 2536 pugna-

266 2546 369 2617 tis,
402 2555 471 2605 et
496 2564 617 2619 pon
647 2543 934 2605 desistitis
962 2563 1001 2604 a
1047 2542 1318 2605 malitia?
1374 2564 1480 2605 cur
1520 2563 1644 2604 non
1692 2545 2199 2607 reconciliamini?
2247 2568 2382 2627 age,
2431 2549 2578 2629 quid

268 2636 525 2699 obstat?
608 2637 765 2699 Leo.
796 2635 925 2697 Nos
954 2636 1193 2716 quidem
1224 2636 1519 2708 volumus,
1563 2637 1614 2697 si
1661 2638 1796 2717 quis
1844 2638 2015 2699 nobis
2054 2640 2364 2721 encyclum
2413 2641 2578 2703 istud

264 2730 523 2792 reddere
552 2731 717 2792 velit.
800 2731 949 2791 Lus.
984 2730 1325 2805 Quodnam,
1374 2750 1413 2789 o
1462 2729 1662 2791 bone?
1745 2732 1902 2791 Lao.
1955 2730 2189 2811 Pylum,
2238 2744 2306 2793 ut
2353 2732 2576 2796 dudum

268 2844 401 2886 eam
441 2825 779 2905 flagitamus
828 2834 889 2883 et
932 2834 1269 2903 captamus.
1354 2822 1511 2883 Pon.
1553 2822 1711 2885 Illud
1757 2824 1998 2904 quidem
2055 2826 2221 2885 vobis
2275 2845 2576 2907 nunquam

266 2918 527 2989 eveniet,
555 2936 660 2997 per
704 2918 1047 2997 Neptunum
1082 2917 1243 2998 juro.
1330 2916 1479 2977 Lxs.
1524 2916 1858 2977 Concedite
1902 2916 2040 2990 illis,
2084 2937 2122 2978 o
2172 2920 2336 2981 boni.
2420 2920 2576 2981 Por..

270 3009 497 3072 Postea
540 3029 861 3089 quamnam
889 3008 1303 3071 movebimus?
1384 3011 1536 3069 LYs.
1586 3008 1759 3069 Aliud
1800 3010 2088 3084 reposcite
2133 3030 2240 3088 pro
2288 3012 2402 3071 isto
2447 3030 2579 3073 cas-

268 3102 505 3165 tellum.
590 3103 749 3165 Por..
775 3104 968 3165 Perii!
996 3104 1163 3164 'date
1212 3104 1391 3183 igitur
1433 3102 1606 3163 nobis
1634 3103 1796 3163 hunc
1825 3102 2222 3165 Echinuutem
2263 3104 2474 3183 primo,
2515 3115 2579 3165 et

268 3196 631 3259 Maliensem
659 3196 851 3257 sinum
870 3216 1027 3277 pone
1052 3195 1451 3277 adjacentem,
1492 3206 1554 3257 et
1597 3195 1902 3275 Megarica
1943 3196 2149 3259 Crura.
2235 3197 2390 3257 Lae.
2436 3196 2577 3257 Non

272 3288 493 3370 edepol
522 3289 745 3362 omnia,
794 3308 831 3350 o
884 3290 1113 3351 insane.
1194 3291 1346 3351 Lrs.
1405 3288 1615 3361 Sinite,
1647 3308 1748 3361 ,ne
1789 3290 2083 3351 contende
2134 3289 2208 3350 de
2267 3290 2577 3353 Cruribus.

271 3383 437 3446 Por..
464 3382 607 3443 Jam
632 3392 813 3445 exuta
832 3392 999 3445 veste
1046 3383 1241 3444 nudus
1290 3402 1453 3445 arare
1501 3382 1659 3443 volo.
1746 3382 1902 3445 Leo.
1932 3384 2012 3443 At
2051 3382 2150 3463 pol
2189 3403 2304 3463 ego
2345 3396 2575 3445 stercus

268 3475 609 3539 convehere
650 3476 1101 3557 quamprimum.
1187 3475 1342 3537 Lus.
1393 3476 1509 3535 Ubi
1569 3494 1688 3557 pax
1735 3476 1904 3535 vobis
1952 3478 2336 3538 reconciliata
2380 3477 2576 3551 fuerit,

266 3568 427 3631 istuc
448 3568 705 3630 facietis.
791 3569 912 3629 Sed
942 3569 1096 3631 side
1124 3588 1273 3650 pace
1293 3568 1462 3631 vobis
1492 3578 1732 3629 constat
1771 3571 2086 3643 sententia,
2130 3568 2474 3647 deliberate,
2515 3583 2579 3633 et

268 3660 475 3723 socios
500 3660 793 3725 adeuntes
815 3682 939 3723 rem
964 3682 1101 3723 cum
1128 3663 1201 3723 iis
1230 3661 1685 3723 communicate.
1772 3662 1928 3723 Por..
1953 3664 2106 3723 Nam
2129 3685 2301 3743 quos,
2325 3685 2364 3725 o
2393 3668 2574 3739 bona,

269 3754 520 3819 socios?
577 3755 909 3835 attigimus.
990 3756 1209 3816 Annon
1256 3754 1413 3816 idem
1458 3756 1680 3815 nostris
1727 3756 1900 3816 sociis
1951 3755 2260 3831 videbitur,
2301 3758 2577 3819 omnibus

270 3846 637 3911 futuendum
682 3848 859 3909 esse?
939 3848 1096 3911 Lac.
1119 3849 1221 3909 Sic
1246 3848 1463 3928 edepol
1489 3849 1656 3911 meis.
1741 3846 1896 3909 Por..
1926 3850 2112 3908 Immo
2145 3850 2340 3913 hercle
2390 3853 2576 3932 Cary-

272 3940 667 4004 suis.1.vs.
710 3941 900 4003 Recte
924 3940 1143 4003 dicitis.
1228 3940 1405 4003 Nunc
1428 3954 1631 4004 curate
1653 3951 1720 4003 ut
1747 3942 1876 4021 puri
1913 3942 2065 4017 sitis,
2109 3955 2176 4003 ut
2216 3965 2327 4006 nos
2369 3945 2578 4029 mulie·

274 4054 369 4097 res
396 4034 464 4095 in
492 4052 629 4095 arce
650 4034 923 4095 convivio
949 4054 1057 4095 vos
1082 4035 1444 4115 excipiamus
1476 4033 1554 4094 de
1599 4033 1715 4095 illis
1762 4055 1899 4114 quae
1942 4036 2004 4096 in
2056 4037 2220 4099 cistis
2269 4037 2576 4100 habemus.

270 4127 707 4209 Jusjurandum
731 4136 793 4188 et
808 4127 985 4189 fidem
1015 4127 1135 4189 illic
1158 4128 1409 4189 invicem
1454 4128 1614 4201 date,
1660 4127 1876 4189 deinde
1927 4148 2108 4193 uxore
2153 4150 2266 4189 sua
2309 4143 2578 4211 accepta,

268 4229 540 4283 vestmm
561 4220 970 4301 unusquisque
997 4220 1203 4282 abibit.
1287 4220 1443 4283 Por..
1472 4220 1594 4281 Sed
1623 4240 1826 4283 eamus
1854 4242 2030 4301 quam
2054 4222 2356 4285 citissime.
2418 4226 2578 4287 Lao.

278 4312 571 4393 Ducquo
618 4324 685 4373 tu
716 4315 861 4374 vis..
909 4314 1065 4379 Por..
1102 4315 1194 4378 Ita
1234 4314 1457 4388 hercle,
1498 4332 1678 4395 quam
1722 4313 2047 4377 celerrime.
2131 4318 2346 4378 Onon.
2393 4318 2575 4379 Mur..

275 4404 595 4486 Stragulas
615 4417 813 4470 vestes
839 4418 901 4469 et
926 4408 1139 4481 laenas,
1168 4419 1230 4470 et
1272 4408 1564 4489 xystidas,
1613 4400 1678 4471 et⁸
1715 4427 1894 4473 aurea
1931 4429 2099 4485 vasa,
2145 4410 2436 4491 quidquid
2489 4422 2581 4476 est

272 4499 445 4574 mihi,
472 4500 603 4563 sine
628 4499 853 4567 invidia
899 4501 1037 4567 volo
1075 4502 1348 4568 omnibus
1390 4502 1679 4585 praebere,
1720 4512 1789 4565 ut
1843 4504 2036 4567 serant
2091 4506 2214 4567 suis
2251 4505 2473 4580 liberis,
2530 4505 2581 4565 si

442 4594 647 4656 Arist.
680 4593 823 4657 Lot.
2307 4600 2346 4655 2
2376 4598 2429 4657 A
