3059 5059
1423 658 1810 791 PA'x.

1076 1072 1583 1143 DRAMATIS
1655 1074 2157 1143 PERSONAE.

558 1224 833 1285 Fanum
862 1224 1012 1285 Duo
1038 1225 1346 1286 Taren.
1616 1226 2031 1287 Fancnnms.

552 1318 907 1379 Turonos.
1042 1346 1053 1359 ·
1618 1320 2064 1379 Cius-murus.

556 1408 1018 1490 Pistum-filia·
1046 1410 1313 1491 Trygaet’.
1626 1412 2063 1472 Lonrcanms.

555 1500 991 1564 Mnncumus.
1392 1532 1397 1539 ·
1623 1504 1960 1565 Tunrcsn.
2041 1530 2050 1539 ·

550 1594 859 1657 Beuum.
1622 1598 2012 1657 GALEAnun
2041 1595 2292 1655 Fannii.

551 1689 947 1749 'funum-us.
1622 1690 2040 1751 HAs‘rnnms.

552 1780 856 1842 Cnoiws.
1076 1795 1086 1809 ‘
1619 1781 1812 1843 Puzn
1845 1783 2186 1843 Larem.

554 1873 957 1937 Hrnnocmzs.
1620 1875 1812 1935 Punu
1841 1875 2228 1935 Canon-rm.

1468 2030 1727 2112 [1—37]

474 2143 680 2232 Fan.
726 2172 777 2233 1.
820 2166 953 2245 Fer,
994 2171 1081 2232 fer
1119 2170 1438 2232 turundam
1478 2192 1658 2251 quam
1699 2171 1980 2233 citissime
2031 2172 2356 2232 scarabeo.
2465 2168 2638 2230 Fur.
2685 2170 2770 2231 11.

476 2264 656 2326 Ecce.
742 2264 915 2323 Fm.
966 2264 1014 2323 1.
1060 2264 1157 2323 Da
1202 2263 1600 2344 perditissimo
1639 2263 1745 2324 illi.
1831 2266 2002 2325 Fan.
2053 2265 2135 2326 11.
2184 2267 2381 2344 Atque
2425 2265 2650 2323 utinam
2701 2274 2774 2321 tu

474 2358 801 2418 suaviorem
843 2356 959 2417 hac
1000 2376 1304 2436 nunquam
1349 2358 1668 2418 turundam
1715 2357 2034 2418 comedas!
2121 2358 2291 2417 FAx.
2335 2358 2383 2416 1.
2443 2358 2538 2417 Da
2587 2356 2774 2417 offam

473 2450 649 2510 aliam
690 2470 764 2511 ex
792 2449 1026 2509 asinino
1057 2451 1365 2510 formatam
1397 2460 1672 2513 stercore.
1762 2452 1932 2511 Fau.
1977 2452 2056 2511 11.
2103 2452 2258 2512 Ecce
2301 2461 2496 2512 autem
2537 2471 2774 2513 rursus.

474 2542 647 2603 FAx.
690 2544 739 2602 1.
782 2541 899 2603 Ubi
922 2562 1059 2603 vero
1088 2552 1202 2615 est,
1230 2562 1406 2622 quam
1446 2544 1626 2605 modo
1669 2544 1947 2605 ferebas?
2003 2564 2200 2603 annon
2243 2543 2550 2603 devoravit
2589 2542 2776 2604 eam?

472 2637 651 2698 Fan.
692 2637 775 2697 11.
818 2637 977 2696 Sane
1004 2635 1223 2697 hercle.
1308 2637 1466 2704 Quin
1498 2648 1758 2716 ereptam
1789 2636 2134 2716 glomeravit
2171 2636 2418 2719 pedibus
2461 2646 2773 2716 totamque

474 2728 806 2811 deglutivit.
912 2728 1086 2789 Fam.
1130 2730 1179 2789 1.
1239 2730 1356 2789 Sed
1416 2749 1596 2810 quam
1651 2731 1902 2809 primum
1955 2742 2078 2790 tere
2131 2732 2347 2791 multas
2403 2740 2462 2789 et
2517 2730 2776 2808 spissas.

468 2822 643 2883 Fau.
688 2822 768 2884 11.
810 2820 933 2881 Viri
960 2822 1433 2902 sterquilinilegi,
1459 2824 1606 2883 ferte
1633 2822 1774 2882 mihi
1797 2842 1990 2903 opem,
2017 2842 2124 2904 per
2151 2822 2296 2883 deos
2336 2826 2602 2894 obsecre,
2643 2821 2768 2882 nisi

468 2913 649 2975 vultis
676 2914 1061 2987 committere,
1080 2924 1148 2975 ut
1176 2916 1483 2995 praefocer.
1569 2916 1739 2976 Fm.
1785 2916 1833 2976 1.
1877 2914 2094 2988 Aliam,
2137 2916 2310 2976 aliam
2355 2914 2435 2975 da
2473 2914 2639 2993 pueri
2683 2914 2770 2973 ci-

472 3007 671 3069 naedi:
727 3009 925 3068 tritam
966 3006 1123 3068 enim
1178 3028 1394 3088 cupere
1436 3028 1503 3068 se
1559 3018 1847 3067 autumat.
1935 3006 2107 3068 Fau.
2163 3010 2241 3069 11.
2301 3008 2482 3068 Eece.
2569 3006 2774 3066 Unam

473 3100 733 3182 quidem,
763 3119 798 3160 o
826 3099 953 3173 viri,
982 3100 1375 3181 suspicionem
1409 3122 1445 3161 a
1482 3121 1577 3161 me
1619 3109 2040 3181 segregaturus
2084 3101 2225 3161 mihi
2271 3101 2488 3160 videor.
2573 3098 2776 3159 Nemo

472 3194 631 3255 enim
660 3192 871 3254 dixerit
897 3212 991 3253 me
1020 3194 1171 3254 inter
1191 3194 1548 3275 pinsendum
1575 3214 1800 3254 mazam
1829 3194 2162 3255 comedere.
2247 3194 2419 3253 Fau.
2477 3194 2526 3253 1.
2570 3192 2727 3251 Phui
2757 3198 2774 3251 Ξ

473 3287 562 3348 fer
592 3286 791 3359 aliam,
838 3295 898 3346 et
947 3286 1141 3357 aliam,
1202 3296 1265 3347 et
1316 3286 1533 3355 aliam3
1580 3286 1846 3365 aliasque
1903 3299 2190 3367 praeterea
2237 3298 2381 3346 tere.
2466 3286 2639 3347 Fau.
2687 3286 2772 3345 11.

475 3380 658 3442 Haud
687 3378 961 3459 equidem
990 3379 1207 3441 hercle.
1294 3380 1429 3439 Non
1462 3379 1619 3441 enim
1649 3380 1901 3460 amplius
1924 3400 2080 3461 queo
2111 3380 2403 3439 sentinam
2431 3378 2587 3437 hanc
2629 3398 2772 3457 per-

472 3473 633 3556 peti:
665 3472 853 3553 ipsam
882 3471 1079 3551 itaque
1101 3493 1222 3532 una
1246 3492 1381 3533 cum
1412 3474 1714 3533 scarabaeo
1739 3492 1966 3533 sumam
1994 3486 2054 3533 et
2081 3474 2236 3533 intro
2265 3473 2548 3533 auferam.
2591 3470 2772 3530 rm.

475 3567 525 3627 1.
569 3568 663 3629 Ita
682 3565 893 3646 edepol
919 3566 980 3624 in
1012 3565 1227 3625 malam
1256 3586 1400 3639 rem,
1430 3576 1491 3627 et
1518 3576 1578 3625 te
1606 3567 1798 3648 ipsum
1826 3567 2086 3646 insuper.
2171 3566 2345 3625 Fau.
2375 3566 2456 3623 11.
2485 3564 2770 3623 Vestrum

475 3672 699 3735 autem,
718 3661 766 3721 si
796 3659 928 3739 quis
957 3660 1141 3731 novit,
1173 3658 1332 3719 dicat
1368 3659 1530 3728 mihi,
1559 3660 1720 3720 unde
1749 3679 1940 3719 emere
1969 3658 2190 3740 possim
2221 3677 2429 3717 nasum
2471 3674 2586 3715 non
2628 3676 2774 3736 per-

473 3755 747 3815 foratum.
834 3751 1075 3811 Nullum
1103 3752 1257 3811 enim
1287 3772 1437 3832 opus
1479 3753 1864 3815 aerumnosius
1906 3764 2018 3825 est,
2059 3770 2236 3830 quam
2283 3750 2584 3810 scarabaeo
2623 3748 2767 3829 pin-

475 3857 703 3907 sentem
730 3846 924 3905 cibum
952 3845 1237 3923 praebere.
1323 3846 1479 3905 Nam
1509 3866 1611 3905 sus
1641 3855 1745 3906 aut
1770 3846 1960 3917 canis,
1996 3847 2082 3904 ita
2119 3856 2184 3903 ut
2225 3841 2544 3913 cacaveris,
2587 3841 2766 3902 facile

472 3948 535 3999 et
552 3939 820 4001 celeriter
846 3946 1053 3999 vorat:
1096 3937 1209 3997 iste
1236 3948 1434 3997 autem
1462 3958 1583 4019 pree
1609 3938 1886 4019 superbia
1912 3936 2160 4010 fastidit,
2181 3948 2245 3999 et
2283 3934 2593 3996 comedere
2635 3954 2762 3995 non

478 4032 778 4112 dignatur,
807 4029 919 4091 nisi
948 4038 1075 4090 toto
1094 4030 1190 4090 die
1223 4039 1429 4104 teram,
1472 4032 1643 4111 eique
1685 4032 2009 4113 adponam,
2051 4042 2334 4108 tanquam
2375 4027 2622 4097 mulieri,
2665 4038 2766 4087 tu·

475 4123 726 4185 rundam
754 4126 1082 4186 subactam.
1167 4124 1287 4184 Sed
1317 4142 1392 4182 an
1416 4124 1657 4185 desierit
1682 4125 1877 4196 edere,
1907 4122 2278 4204 speculabor,
2304 4122 2487 4180 forem
2527 4119 2766 4199 pauxil-

478 4218 597 4280 lum
627 4218 713 4280 sic
736 4217 1027 4299 aperiens,
1058 4238 1133 4278 ne
1161 4238 1254 4278 me
1276 4216 1492 4277 videat.
1579 4219 1881 4289 Incumbe,
1909 4236 1983 4276 ne
2014 4216 2251 4277 desinas
2279 4232 2539 4293 unquam
2563 4212 2765 4285 edere,

476 4310 810 4391 usquedum
838 4310 1179 4389 imprudens
1208 4309 1610 4391 disrumperis,
1693 4310 1808 4381 En,
1837 4320 1904 4370 ut
1940 4327 2164 4388 pronus
2205 4315 2376 4368 vorat
2416 4306 2768 4367 execrabilis

473 4403 595 4477 ille,
615 4415 900 4483 tanquam
929 4402 1202 4475 luctator,
1256 4403 1525 4463 maxillas
1549 4414 1981 4483 contorquens:
2034 4412 2218 4483 caput
2257 4401 2481 4460 interea
2521 4416 2768 4457 manus-

478 4516 593 4574 que
621 4495 1057 4575 quodammodo
1084 4495 1556 4573 circumducens,
1582 4506 1650 4558 ut
1676 4496 1714 4557 ii
1743 4498 1844 4577 qui
1873 4514 2108 4560 crassos
2151 4493 2432 4557 rudentes
2474 4493 2536 4553 in
2579 4512 2764 4555 naves
