3059 5059
455 391 577 454 ms
890 406 897 415 ·
1186 386 1978 451 ARISTOPHANIS
2329 392 2742 473 ,[τσε-ειο

396 582 405 589 ·
458 506 541 581 lis
566 522 703 589 quoe
722 501 969 577 sancito
989 511 1153 567 sunt.
1233 503 1371 568 Vre
1412 505 1491 565 11.
1537 503 1690 573 Quoe
1709 506 1956 567 sancito
1982 503 2160 567 suut?
2199 524 2238 567 o
2263 524 2444 587 quam
2485 507 2738 569 insanus

454 607 553 662 esl
633 599 767 660 Vni.
808 599 859 659 1.
902 593 1193 658 Insanus?
1274 598 1407 659 Vin
1451 597 1535 659 11.
1556 597 1776 668 Quidni
1799 595 2002 659 enimi
2047 597 2226 662 immo
2250 598 2448 662 hercle
2491 597 2738 663 omnino

392 758 399 767 ,
454 692 717 755 omnium
763 711 829 753 es
870 690 1274 753 stultissimus.
1355 691 1491 751 Vin
1533 690 1584 752 1.
1627 688 1784 758 Quia
1824 691 2012 764 sacio,·
2041 691 2207 771 quod
2254 690 2554 754 decretum
2597 689 2737 752 est?

452 785 635 865 Atqui
662 785 847 845 virum
874 784 1117 863 probum
1138 783 1389 843 maxime
1416 784 1674 843 omnium
1700 802 1774 843 ea
1799 784 2044 863 exsequi
2068 794 2322 863 oportet.
2341 804 2478 863 qum
2493 782 2738 865 publicu

452 878 798 943 auctoritate
824 875 1105 936 mandata
1148 886 1307 934 sunt.
1390 874 1525 935 Vin
1567 876 1646 934 11.
1689 876 1894 937 Virum
1939 874 2222 937 stolidum
2263 876 2508 937 scilicet.
2589 875 2732 935 Vin

452 972 505 1033 1.
545 972 637 1032 Tu
660 989 799 1033 vero
824 969 1121 1049 deponere
1146 977 1249 1026 tua
1272 966 1335 1028 in
1362 985 1674 1027 commune
1731 986 1850 1028 non
1898 968 2120 1050 paras?
2197 968 2334 1029 Vrn
2375 970 2458 1029 11.
2501 968 2572 1029 ld
2613 986 2734 1047 ego

448 1064 693 1135 cavebo,
738 1060 1077 1143 priusquam
1122 1056 1385 1131 viderim,
1434 1058 1582 1139 quid
1635 1060 1844 1121 consili
1901 1061 2099 1141 capiat
2141 1059 2420 1143 populus.
2499 1062 2634 1123 Vrn
2677 1060 2732 1119 1.

451 1154 615 1227 Quid
638 1154 795 1215 enim
821 1151 1003 1226 eliud,
1031 1170 1211 1231 quam
1251 1150 1441 1231 parati
1466 1170 1670 1211 omnes
1698 1165 1842 1213 sunt
1868 1152 2016 1215 ferre
2041 1154 2200 1214 bona
2239 1154 2390 1215 sua?
2470 1154 2607 1214 Vn.
2645 1151 2732 1213 11.

446 1247 532 1309 At
554 1247 620 1320 id
648 1246 699 1307 si
720 1245 1019 1320 vidissem,
1047 1255 1175 1305 tum
1200 1242 1437 1304 demum
1486 1244 1808 1307 crederem.
1891 1246 2026 1307 Vrn
2069 1248 2119 1307 1.
2161 1246 2473 1308 Enimvero
2513 1246 2576 1307 id
2623 1264 2734 1325 per

380 1398 393 1410 ,
444 1341 575 1403 vias
620 1338 966 1421 predicant.
1047 1337 1184 1397 Vrn
1226 1337 1307 1397 11.
1349 1335 1772 1397 Proedicabunt
1819 1337 2066 1402 scilicet.
2147 1338 2284 1399 Vm
2329 1340 2376 1399 1.
2421 1340 2500 1401 Et
2531 1336 2736 1402 subla-

445 1433 525 1496 tis
568 1434 630 1493 in
650 1432 956 1507 humerum
986 1427 1235 1490 sarcinis
1260 1447 1325 1488 se
1346 1427 1574 1489 deferre
1597 1428 1825 1490 dicunt.
1908 1430 2042 1493 Vm
2085 1430 2166 1492 11.
2207 1430 2430 1493 Dicent
2483 1430 2736 1493 scilicet.

446 1526 581 1599 Vra
624 1526 673 1585 1.
715 1524 945 1583 Enecas
982 1538 1099 1595 me,
1151 1521 1423 1581 omnibus
1475 1520 1572 1581 his
1635 1520 1814 1583 fidem
1867 1523 2088 1585 nullam
2141 1523 2392 1585 habens.
2476 1522 2611 1584 Via
2655 1522 2742 1585 11.

446 1617 673 1689 Fidem,
694 1615 919 1677 nullam
960 1612 1265 1676 habebunt
1322 1613 1572 1676 scilicet.
1652 1614 1789 1676 Vra
1833 1614 1884 1676 1.
1925 1615 2156 1696 Jupiter
2201 1626 2262 1677 te
2309 1616 2462 1679 male
2503 1614 2742 1695 perdat.

442 1709 583 1771 Vin
626 1709 707 1769 11.
736 1708 900 1769 Male
922 1705 1173 1789 perdent
1197 1705 1442 1768 seilicet.
1526 1705 1716 1767 Putas
1743 1706 1930 1768 civem
1958 1708 2216 1789 aliquem
2247 1728 2358 1769 sua
2378 1708 2742 1779 delaturum,

445 1804 549 1885 qui
575 1801 786 1863 saltem
807 1800 902 1862 vel
930 1797 1251 1881 pauxillum
1272 1798 1484 1861 mentis
1513 1798 1780 1861 habeat?
1829 1818 2023 1881 neque
2049 1801 2206 1861 enim
2238 1821 2275 1863 e
2315 1820 2476 1863 more
2529 1811 2740 1863 nostro

443 1895 603 1956 istm
655 1904 785 1956 est:
840 1890 947 1955 sed
1006 1910 1117 1953 nos
1152 1910 1363 1971 capere
1406 1900 1638 1952 tantum
1679 1902 1934 1972 oportet,
1987 1895 2072 1955 ita
2121 1914 2214 1956 me
2271 1894 2503 1975 Jupiter
2557 1904 2740 1955 amet.

447 1988 679 2069 Quippe
706 1988 790 2048 ita
815 1997 877 2047 et
902 1984 986 2046 dii
1012 1985 1241 2046 solent:
1268 1984 1330 2044 id
1357 1994 1554 2046 autem
1581 2004 1658 2046 ex
1685 1985 1916 2047 illorum
1953 1987 2224 2049 manibus
2253 2006 2502 2049 nosces:
2553 1988 2742 2049 simu·-

440 2079 861 2158 lacra-etenim,
888 2098 1070 2160 quum
1094 2076 1395 2139 fundimus
1423 2096 1650 2158 preces,
1675 2088 1745 2139 ut
1771 2078 1932 2139 bona
1969 2080 2140 2140 nobis
2185 2080 2529 2160 largiantur,
2571 2088 2740 2141 stant

442 2194 625 2235 manu
650 2174 861 2254 supina
887 2180 1177 2252 porrecta,
1223 2190 1343 2232 non
1388 2170 1560 2252 quasi
1607 2170 1922 2252 quicquam
1969 2172 2203 2246 datura,
2249 2173 2358 2234 sed
2399 2181 2468 2233 ut
2505 2170 2734 2251 aliquid

442 2268 788 2349 accipient„
841 2267 975 2341 Vm
1018 2266 1067 2325 1.
1110 2264 1165 2324 O
1210 2261 1624 2345 perditissime,
1667 2265 1845 2325 sinito
1893 2284 1988 2325 me
2037 2264 2199 2345 quod
2238 2264 2400 2327 facto
2445 2275 2543 2325 est
2579 2282 2738 2343 opus

442 2362 678 2426 fecere:
733 2358 867 2420 hoec
906 2357 1063 2418 enim
1103 2356 1445 2437 colligenda
1498 2355 1643 2417 mihi
1697 2366 1857 2417 sunt.
1940 2357 2077 2427 Quo
2119 2357 2262 2417 abiit
2306 2355 2532 2419 lorum?
2597 2356 2739 2418 Vin

446 2455 527 2514 11.
572 2451 733 2523 Quid
782 2449 983 2513 euim?
1024 2468 1226 2511 revera
1273 2448 1405 2509 inec
1458 2445 1659 2507 seres?
1740 2449 1877 2510 Vin
1920 2450 1968 2510 I.
2003 2450 2160 2511 Sane
2197 2449 2431 2519 hercles
2465 2449 2738 2529 adeoque

434 2548 565 2629 jem
586 2546 741 2607 duos
767 2545 878 2604 hos
905 2540 1171 2647 tripodes
1203 2558 1325 2613 uua
1364 2538 1540 2599 simul
1581 2539 1820 2620 colligo.
1903 2542 2039 2602 Vre
2079 2543 2162 2602 11.
2206 2542 2261 2601 O
2304 2562 2438 2622 quae
2493 2542 2738 2604 demeu-

448 2640 569 2701 tia!
634 2656 755 2698 non
822 2633 1077 2715 opperiri
1144 2642 1225 2704 te,
1278 2630 1424 2711 quid
1490 2631 1593 2692 alii
1634 2632 1847 2695 facturi
1915 2634 2054 2708 sint,
2121 2654 2194 2697 ac
2235 2645 2360 2697 tum
2414 2635 2738 2697 demum-

447 2732 659 2801 Vrnl.
701 2727 859 2799 Quid
904 2738 1031 2787 tum
1058 2722 1293 2785 demum
1322 2723 1567 2785 fucere?
1647 2724 1781 2786 Vrn
1810 2726 1893 2786 11.
1933 2726 2150 2789 Adhuc
2185 2728 2464 2823 opperiri,
2493 2729 2740 2809 postilla

445 2845 589 2891 vero
608 2820 875 2887 cunctari
900 2819 1239 2881 etiamnum.
1320 2818 1455 2877 Vin
1502 2818 1556 2879 1.
1597 2815 1993 2885 Quamobrem
2045 2804 2330 2883 tandem?
2394 2820 2530 2882 Vin
2561 2822 2639 2883 11.
2669 2822 2738 2883 Si

446 2930 619 2983 terroe
646 2926 841 2977 motus
868 2913 1069 2974 creber
1095 2912 1221 2985 fiat,
1242 2890 1347 2971 aut
1372 2910 1511 2971 mali
1538 2911 1673 2990 quis
1699 2911 1853 2990 ignis
1879 2912 2090 2973 ominis
2119 2913 2352 2985 emicet,
2381 2924 2486 2973 aut
2509 2924 2736 2976 muste-

448 3013 512 3074 la
536 3009 849 3079 transiliet,
873 3004 1152 3067 desinent
1178 3003 1445 3084 profecto
1482 3022 1688 3064 omues
1729 3006 1886 3065 bona
1925 3026 2036 3067 sua
2073 3007 2134 3067 in
2175 3007 2366 3067 forum
2407 3005 2656 3081 deferre,
2693 3028 2738 3069 o

372 3182 377 3189 Ι
447 3102 705 3185 stupide.
787 3100 921 3159 Vrn
950 3099 1001 3159 1.
1042 3096 1261 3175 Lepide
1284 3096 1483 3157 hercle
1524 3115 1753 3157 mecum
1797 3109 2090 3179 ageretur,
2106 3100 2182 3172 si,
2219 3100 2362 3161 dum
2417 3101 2736 3181 opperirer,

445 3195 680 3263 interim
706 3210 825 3253 non
852 3189 1129 3251 haberem
1151 3187 1249 3248 ubi
1270 3190 1437 3248 istaec
1465 3187 1840 3270 deponerem.
1922 3192 2054 3253 Vra
2098 3193 2178 3253 11.
2217 3193 2302 3253 At
2339 3192 2498 3254 enirn
2534 3194 2735 3273 potius

447 3290 680 3360 timeas,
706 3295 774 3345 ut
798 3280 1073 3345 alicunde
1100 3299 1310 3359 capere
1330 3281 1550 3359 possis.
1591 3281 1712 3342 Sed
1740 3282 1956 3344 habeto
1985 3285 2208 3346 bonum
2235 3285 2518 3357 animum,
2545 3286 2734 3367 depo-

447 3402 577 3455 nes,
630 3375 861 3439 etiamsi
916 3374 994 3434 ad
1040 3372 1307 3434 ultimum
1360 3373 1580 3434 mensis
1627 3373 1782 3436 diem
1833 3377 2084 3438 veneris.
2163 3376 2301 3437 Vm
2345 3377 2390 3437 1.
2435 3377 2736 3447 Quidum?

448 3476 585 3536 Vni.
624 3472 704 3533 11.
749 3470 880 3549 Ego
906 3476 1141 3528 nostros
1180 3464 1451 3526 homines
1490 3466 1652 3542 novi,
1705 3468 1808 3548 qui
1855 3470 1916 3529 in
1965 3470 2339 3531 decernendo
2374 3471 2740 3551 preproperi

449 3574 612 3639 suut,
638 3583 709 3625 ac
734 3579 963 3623 rursum
992 3568 1217 3639 negent
1269 3557 1528 3619 facturos
1583 3580 1668 3636 se,
1710 3581 1847 3641 quae
1899 3562 2138 3623 decreta
2182 3563 2420 3624 fuerint.
2503 3565 2640 3625 Vin
2683 3563 2736 3625 1.

450 3660 575 3719 Sua
598 3654 1071 3735 comportabunt,
1091 3670 1130 3711 o
1156 3648 1361 3713 amice.
1441 3652 1578 3714 Vrn
1620 3656 1702 3715 11.
1743 3655 1808 3714 Si
1828 3674 1965 3717 vero
1995 3674 2112 3715 non
2140 3655 2352 3726 ferant,
2376 3654 2524 3734 quid
2563 3654 2734 3715 tum!

448 3752 585 3813 Vin
628 3751 677 3810 1.
722 3748 977 3809 Securus
1002 3754 1154 3819 esto,
1172 3744 1383 3805 ferent.
1466 3745 1600 3807 Vm
1645 3750 1724 3809 11.
1755 3748 1820 3807 Si
1846 3768 1983 3809 vero
2011 3767 2130 3808 non
2158 3747 2532 3828 ferant‚quid
2559 3750 2734 3811 tum?

447 3846 587 3915 ,Vm
612 3844 662 3905 1.
691 3841 842 3901 Cum
868 3839 1011 3919 ipsis
1040 3836 1453 3919 pugnabimus.
1492 3838 1628 3900 Vra
1659 3840 1737 3902 11.
1759 3841 1824 3899 Si
1851 3860 1988 3902 vero
2017 3840 2348 3921 superiores
2367 3850 2562 3915 erunt,
2583 3842 2732 3923 quid

448 3935 615 4000 tum?
693 3934 831 3995 Vm
875 3934 922 3993 1.
964 3932 1178 4009 Abibo,
1220 3929 1686 4009 supellectilibus
1741 3934 1976 3995 relictis.
2063 3934 2192 3995 Vm
2235 3933 2316 3993 11.
2357 3934 2424 3994 Si
2470 3954 2610 3996 vero
2657 3954 2732 3997 en

450 4028 796 4101 divendant,
820 4024 965 4106 quid
1004 4023 1177 4085 tum?
1255 4022 1391 4083 Vm
1436 4024 1486 4084 1.
1527 4025 1951 4107 Disrumparia.
2033 4027 2169 4087 Vin
2199 4027 2278 4087 11.
2321 4027 2386 4087 Si
2425 4046 2565 4087 vero
2605 4026 2736 4087 dis·

450 4140 709 4202 rumpet,
760 4117 903 4199 quid
955 4116 1121 4178 tum?
1200 4115 1336 4176 Vre
1378 4116 1429 4177 I.
1469 4117 1634 4181 Bene
1686 4119 1888 4181 facies.
1969 4119 2102 4182 Vrn
2147 4119 2227 4182 11.
2271 4118 2362 4179 Tu
2387 4138 2530 4181 vero
2575 4120 2732 4183 ferre

452 4214 771 4277 etiamnum
800 4210 1040 4290 cupies?
1120 4208 1255 4268 Vrn
1299 4209 1349 4267 Ι.
1392 4208 1523 4289 Ego
1564 4230 1746 4272 sane:
1789 4232 2044 4294 nemque
2081 4212 2308 4275 vicinos
2349 4231 2514 4272 meos
2557 4212 2736 4275 video

450 4325 568 4373 sua
616 4313 1079 4385 comportantes.
1177 4301 1313 4362 Vin
1378 4302 1460 4363 11.
1525 4303 1814 4366 Nimirum
1869 4305 2254 4367 Antisthenes
2311 4322 2422 4365 sua
2466 4304 2738 4367 deferet!

457 4400 655 4463 Multo
683 4416 827 4475 sane
852 4395 1107 4478 lepidius
1130 4394 1185 4455 ei
1210 4392 1509 4457 videretur
1533 4397 1666 4477 plus
1692 4418 1870 4480 quam
1899 4399 2142 4479 triginta
2161 4398 2288 4460 dies
2313 4398 2478 4478 prins
2501 4416 2734 4460 cacare.

453 4492 590 4569 vin
633 4492 682 4554 1.
724 4490 925 4555 Plora.
1000 4488 1135 4551 Vnt
1180 4487 1259 4552 11.
1302 4486 1689 4555 Antimachus
1717 4502 1916 4557 autem
1953 4490 2118 4555 chori
2154 4492 2436 4573 magister
2479 4490 2624 4573 quid
2667 4492 2734 4553 in
