3059 5059
330 393 765 472 ivs-1434]
1346 391 1469 449 Av
1491 391 1544 450 E
1563 392 1628 450 s.
2511 395 2619 454 ιιι

320 524 509 590 Certe
532 524 735 604 itaque
762 524 978 604 sapies.
1062 522 1219 584 Cm.
1251 523 1511 585 Subvolo
1541 523 1618 584 ad
1650 521 1970 604 Olympum
2006 522 2232 584 levibus
2279 523 2411 596 alis,
2457 523 2632 592 vola·,

318 627 511 697 tuque
535 619 667 678 vias
690 635 953 699 permeo,
980 615 1161 677 modo
1186 617 1323 691 has,
1350 616 1532 677 modo
1561 603 1718 690 illas,
1759 616 2166 676 carminum—
2245 616 2472 678 Pisa-11.
2515 617 2625 680 Isti

321 711 573 790 negotio
599 730 753 792 opus
778 721 877 771 est
900 719 1031 772 tota
1056 729 1385 790 pennarum
1434 711 1690 771 sarcina.
1771 709 1928 770 Cnr.
1981 708 2282 789 Intrepida
2329 721 2526 772 mente
2563 722 2624 772 et

320 802 637 866 indefesso
661 822 907 884 corpore
936 822 1123 865 novas
1152 823 1381 882 semper
1410 813 1675 864 sectans.
1716 802 1947 863 szrn.
1977 802 2296 864 Tiliaceum
2325 803 2623 864 Cinesiam

321 897 757 977 amplectimur.
840 896 1003 965 Quid
1032 896 1155 957 huc
1176 897 1389 976 pedem
1408 907 1473 956 tu
1500 894 1780 956 claudum
1810 897 1870 956 in
1901 915 2110 976 gyrum
2138 896 2384 956 versas?
2468 899 2624 961 Cur.

324 987 475 1048 Avis
504 990 631 1049 fieri
658 988 818 1063 volo,
848 998 1063 1068 arguta
1088 989 1366 1050 luscinia.
1449 988 1682 1048 P1s‘r11.
1713 989 1938 1050 Desine
1979 988 2306 1063 cantillare,
2347 990 2626 1070 quodque

324 1081 529 1142 dicere
566 1082 775 1154 habes,
828 1081 1114 1144 edissere.
1195 1083 1353 1143 Cur.
1382 1080 1515 1141 Alis
1571 1093 1678 1142 tua
1723 1101 1907 1162 opera
1959 1081 2286 1142 instructus
2339 1082 2514 1162 cupio
2563 1083 2626 1142 in

322 1173 583 1235 sublime
612 1175 935 1236 subvolans
962 1195 1037 1236 ex
1067 1175 1325 1238 nubibus
1354 1193 1513 1236 nova
1547 1193 1786 1236 sumere
1829 1175 1986 1236 aeris
2030 1174 2316 1255 vertigine
2359 1185 2632 1244 contorta

318 1277 387 1328 et
411 1267 671 1347 caligine
710 1266 993 1329 obvoluta
1038 1260 1303 1330 exdrdia.
1388 1267 1625 1328 Prsrn.
1654 1270 1752 1326 An
1795 1268 1998 1348 itaque
2039 1287 2114 1328 ex
2161 1267 2416 1328 nubibus
2465 1267 2629 1347 quis·

324 1359 491 1440 piam
518 1359 763 1420 exordia
784 1359 1025 1440 captet?
1107 1362 1267 1423 Cm.
1300 1363 1490 1422 Immo
1517 1362 1818 1423 enimvero
1844 1361 2008 1420 illinc
2035 1359 2259 1441 pendet
2285 1380 2381 1422 ars
2405 1372 2630 1422 nostra.

328 1451 863 1534 Dithyramborum
891 1455 1048 1514 enim
1076 1453 1179 1534 qui
1208 1454 1461 1516 maxime
1510 1453 1814 1534 splendidi
1858 1465 2019 1525 sunt,
2065 1453 2242 1513 iidem
2289 1461 2430 1512 sunt
2469 1453 2634 1526 aerii,

318 1545 663 1626 caliginosi,
692 1548 1013 1608 coeruleum
1040 1547 1451 1628 splendentes,
1478 1561 1544 1608 et
1565 1546 1750 1620 leves,
1774 1559 2061 1626 tanquam
2089 1545 2200 1606 alis
2229 1545 2459 1626 agitati.
2539 1545 2630 1606 Tu

320 1659 469 1700 vero
492 1651 761 1702 actutum
788 1641 964 1712 scies,
1014 1641 1225 1700 audias
1270 1639 1471 1701 modo.
1555 1640 1792 1700 Pisa-11.
1823 1639 2004 1700 Haud
2047 1639 2322 1719 equidem
2371 1637 2630 1700 audiam.

322 1733 490 1794 Cnr.
516 1735 709 1794 Immo
748 1733 1043 1796 mehercle
1087 1745 1151 1794 tu
1196 1734 1462 1815 quidem.
1547 1733 1805 1794 Omnem
1845 1753 2102 1813 namque
2142 1751 2478 1813 percurram
2528 1732 2634 1793 tibi

322 1831 553 1900 aerem,
580 1827 901 1889 simulacra
925 1827 1276 1900 volatilium,
1305 1827 1586 1888 oetherem
1628 1828 2078 1906 permeantium,
2107 1825 2302 1886 avium
2345 1825 2632 1906 longicol-

320 1919 491 1982 lium.
538 1921 774 1982 Fls-ru.
796 1922 933 2002 Oop
962 1926 979 1980 l
1062 1921 1217 1982 Cur.
1248 1920 1487 1980 Utinam
1516 1920 1864 1980 subsultans
1891 1921 2116 1980 marino
2142 1937 2320 1980 cursu
2351 1939 2474 1980 una
2498 1938 2632 1982 cum

320 2026 641 2076 ventorum
670 2015 909 2074 flatibus
938 2013 1294 2074 incedam—
1378 2013 1612 2075 Pru-11.
1643 2011 1860 2072 Hercle
1888 2012 2165 2092 equidem
2195 2022 2328 2072 tuos
2357 2011 2534 2073 flatus
2573 2025 2638 2074 et

320 2107 571 2186 spiritus
600 2125 1001 2186 compescam.
1087 2107 1241 2168 Cur.
1272 2107 1449 2167 Nunc
1474 2105 1720 2166 australi
1761 2107 1857 2165 via
1903 2123 2180 2185 pergens,
2225 2125 2386 2167 nunc
2433 2116 2632 2178 autem

322 2212 543 2261 contra
597 2201 677 2262 ad
732 2200 987 2260 Boream
1046 2199 1558 2280 appropinquans,
1619 2200 2046 2279 importuosum
2106 2198 2342 2260 oetheris
2399 2199 2632 2260 sulcum

322 2313 565 2356 secans.
648 2292 897 2374 Lepida,
924 2311 962 2352 o
1010 2311 1217 2368 senex,
1251 2303 1315 2354 et
1359 2293 1511 2355 scita
1553 2292 1907 2371 excogitasti
1955 2301 2313 2352 commenta.
2396 2291 2631 2354 Pis-ru.

324 2385 549 2448 Nonne
588 2387 772 2450 etiam
812 2397 875 2446 tu
926 2384 1177 2466 gaudes,
1222 2387 1365 2446 dum
1411 2385 1622 2467 pennis
1668 2383 1960 2466 agitaris?
2041 2385 2196 2446 cm.
2247 2385 2514 2448 Hoccine
2567 2397 2634 2447 tu

322 2481 479 2541 facis
504 2488 699 2562 poetoe
726 2479 1181 2559 dithyrambico,
1212 2499 1389 2560 quem
1424 2479 1636 2538 Tribus
1675 2479 1941 2542 certatim
1990 2478 2102 2538 sibi
2149 2497 2382 2558 semper
2424 2497 2630 2540 omnes

320 2574 663 2653 expetunt?
744 2573 978 2634 Prsrn.
1007 2573 1142 2632 Vin'
1169 2591 1313 2653 ergo
1328 2573 1507 2633 etiam
1535 2570 1692 2653 apud
1725 2591 1836 2633 nos
1859 2590 2174 2632 remanens
2219 2569 2631 2654 Leotrophidae

322 2676 563 2728 sumtus
590 2666 998 2748 suppeditanti
1026 2686 1059 2728 e
1084 2667 1375 2746 Cecropia
1393 2666 1548 2726 tribu
1568 2665 1814 2727 chorum
1835 2665 2050 2727 docere
2069 2664 2376 2726 volantum
2393 2665 2588 2726 avium
2605 2667 2631 2726 i

324 2761 491 2821 Cnt.
516 2759 813 2820 Ludificas
838 2779 931 2819 me
960 2759 1325 2840 planissime.
1410 2756 1534 2818 Sed
1551 2757 1618 2818 id
1645 2758 1799 2819 scias
1819 2757 2013 2830 velim,
2043 2777 2138 2819 me
2181 2775 2300 2818 non
2342 2758 2630 2837 conquie-

320 2863 549 2923 turum,
578 2873 770 2933 usque
798 2845 941 2912 dum
968 2852 1229 2914 volucris
1256 2853 1453 2914 factus
1482 2859 1678 2912 aerem
1705 2869 2062 2930 percurram.
2149 2850 2306 2912 Stc.
2337 2849 2630 2920 Quoenam

322 2949 425 3008 hae
448 2958 593 3007 sunt
616 2967 779 3020 aves,
805 2944 949 3010 nihil
978 2947 1287 3017 habentes,
1314 2944 1727 3017 versicolores,
1757 2942 1884 3004 alas
1930 2941 2203 3023 pandens
2246 2961 2284 3002 o
2329 2942 2492 3023 picta
2540 2941 2632 3003 hi·

322 3039 571 3100 tundo?
654 3040 891 3104 Pru-n.
925 3039 1155 3100 Malum
1176 3039 1363 3100 hocce
1388 3037 1554 3098 haud
1579 3039 1708 3098 leve
1733 3037 2058 3097 excitatum
2081 3047 2196 3096 est.
2279 3035 2438 3098 Ecce
2478 3037 2628 3098 alius

322 3133 541 3194 iterum
570 3132 691 3194 huc
720 3135 1037 3204 cantillans
1064 3131 1317 3194 accedit.
1400 3131 1561 3193 Src.
1589 3131 1644 3189 Ο
1672 3149 1810 3210 quae
1837 3129 1965 3190 alas
2007 3126 2268 3208 explicas
2312 3129 2630 3191 versicolor

318 3227 539 3288 iterum
566 3227 899 3308 iterumque
923 3224 1200 3287 hirundo.
1284 3223 1517 3284 Prsrn.
1550 3224 1618 3283 In
1648 3233 1874 3284 vestem
1895 3241 2062 3283 suam
2093 3222 2208 3283 hoc
2227 3221 2370 3284 mihi
2399 3222 2624 3283 seolion

320 3333 573 3380 cantare
616 3320 887 3390 videtum
944 3319 1309 3399 apparetque
1354 3338 1487 3378 eum
1537 3335 1658 3378 non
1709 3316 1918 3397 paucis
1963 3316 2377 3376 hirundinibus
2422 3334 2621 3395 egere.

322 3413 485 3473 Src.
518 3413 667 3482 Quis
694 3414 797 3475 ille
836 3427 951 3488 est,
977 3414 1082 3492 qui
1120 3412 1231 3472 alis
1259 3411 1497 3471 instruit
1537 3410 1656 3470 huc
1695 3408 2130 3472 advenientes?
2193 3407 2439 3474 „Pis-m.
2485 3410 2622 3490 Ipse

316 3508 425 3568 hic
444 3507 661 3568 adest:
713 3507 819 3570 sed
844 3526 965 3589 quo
1016 3507 1123 3568 tibi
1172 3523 1323 3584 opus
1378 3504 1477 3578 sit,
1534 3501 1852 3564 dicendum
1901 3515 2020 3564 est.
2104 3502 2257 3562 Src.
2311 3501 2461 3574 Alis,
2511 3502 2622 3562 alis

320 3619 477 3680 opus
506 3609 641 3660 est:
698 3621 775 3661 ne
802 3602 1013 3661 iterum
1039 3607 1408 3679 percontare.
1467 3597 1700 3656 Prsrrr.
1726 3598 1884 3656 Num
1905 3607 2066 3656 recta
2095 3593 2394 3654 Pellenem
2423 3594 2622 3654 volare

318 3693 601 3774 cogitas?
684 3693 836 3756 Src.
866 3694 1297 3772 Nequaquam:
1355 3689 1461 3750 sed
1514 3691 1730 3752 citator
1769 3709 1900 3750 sum
1951 3685 2282 3759 insulanus,
2337 3696 2400 3744 et
2453 3705 2624 3768 syco-

318 3788 633 3867 phanta—
714 3787 947 3849 Prsrn.
980 3784 1033 3845 O
1066 3795 1123 3846 te
1150 3785 1293 3846 artis
1324 3783 1594 3844 felicem!
1677 3783 1832 3844 Src.
1871 3782 1950 3841 Et
1987 3781 2178 3840 litium
2218 3779 2620 3858 investigator.

318 3880 585 3942 Proinde
602 3880 741 3942 volo
766 3881 975 3940 sumtis
996 3878 1108 3940 alis
1153 3877 1376 3959 pernici
1420 3877 1622 3937 volatu
1676 3874 1926 3936 circuire
1980 3875 2158 3935 urbes
2207 3891 2434 3945 omnes,
2483 3891 2618 3934 reos

314 3975 539 4055 ubique
567 3973 781 4035 citans.
867 3972 1100 4035 Prsrn.
1134 3973 1217 4034 At
1240 3990 1379 4032 vero
1430 3969 1687 4032 volando
1735 3989 1858 4049 quo
1914 3965 2190 4028 callidius
2246 3983 2378 4026 reos
2433 3965 2616 4034 citare

314 4066 559 4149 possis?
642 4067 801 4129 Src.
832 4065 969 4126 Non
994 4066 1147 4126 istuc
1173 4063 1415 4144 quidem
1438 4063 1678 4135 hercle3
1738 4062 1846 4124 sed
1895 4071 1964 4122 ut
2000 4079 2074 4120 ne
2115 4056 2430 4140 praedones
2476 4058 2618 4118 mihi

314 4160 627 4240 negotium
656 4161 980 4231 facessant,
1008 4177 1145 4219 cum
1174 4157 1421 4237 gruibus
1445 4157 1614 4218 illinc
1635 4165 1892 4217 revertar
1920 4171 2144 4225 rursus,
2175 4153 2436 4212 saburra
2483 4151 2619 4213 loco

314 4253 523 4328 multis
550 4252 857 4332 deglutitis
876 4252 1099 4314 litibus.
1184 4253 1417 4312 Pis-ru.
1450 4249 1766 4310 Enimvero
1819 4248 1914 4310 dic
1943 4247 2106 4320 mibi,
2149 4245 2376 4306 illudne
2419 4244 2619 4324 operis

316 4345 494 4406 obis?
543 4345 793 4408 Juvenis
820 4346 921 4426 qui
948 4344 1053 4419 sis,
1082 4363 1161 4405 an
1184 4346 1527 4426 peregrinos
1573 4343 1790 4424 injuste
1839 4361 1974 4402 reos
2019 4339 2189 4419 agis?
2272 4341 2426 4399 Src.
2456 4336 2620 4406 Quid
2741 4372 2758 4388 ·

314 4439 479 4499 enim
508 4439 733 4519 agam?
784 4458 925 4500 nam
973 4438 1175 4500 fodere
1230 4439 1453 4500 nescio.
1539 4438 1766 4498 szrrr.
1799 4435 1920 4496 Sed
1973 4433 2092 4494 alia
2147 4441 2330 4511 utque
2377 4429 2621 4509 negotia.

318 4547 463 4596 sunt
483 4532 760 4612 honeste,
780 4532 939 4596 unde
968 4532 1189 4596 victum
1221 4531 1331 4594 sibi
1353 4551 1563 4614 parare
1609 4530 1906 4594 hominem
1947 4528 2060 4590 hoc
2111 4523 2306 4594 oetatis
2343 4519 2615 4595 decebat,
