3059 5059
324 340 677 419 siv—369]
1064 338 1877 405 uchEsmzusae.
2497 350 2618 411 24³

320 466 523 529 fuisse.
610 465 830 528 Pnsx.
870 465 1235 547 Opperimini
1263 486 1445 540 nune,
1492 478 1565 528 ut
1603 468 1734 549 ejus
1779 470 2006 551 imperi,
2047 472 2212 550 quod
2248 472 2393 535 mibi
2429 472 2613 537 modo

316 556 666 621 mandatnm
686 568 803 632 est,
828 560 998 623 vobis
1026 559 1377 623 consiliariis
1398 570 1574 629 utura
1597 560 1648 621 si
1665 562 1906 642 quidem
1935 562 2058 625 illic
2085 567 2144 624 in
2173 565 2368 628 medio
2395 566 2612 627 tumul-

315 662 383 713 tu
408 661 471 713 et
498 653 676 713 rebus
704 652 930 733 asperis
958 652 1307 716 fortissimas
1332 673 1438 715 vos
1468 664 1712 735 experta
1740 674 1890 717 sum.
1935 657 2147 719 Onon.
2175 662 2403 737 (Deest
2433 661 2614 723 Cleon·

314 747 679 819 cantem.)

397 837 601 901 Bur.
644 840 813 901 Heus
836 847 923 914 tu,
948 839 1111 901 unde
1136 841 1323 913 venis,
1352 839 1744 921 Praxagora‘l
1783 842 2004 905 Pnsx.
2031 842 2194 913 Quid
2221 854 2344 917 tua,
2369 862 2406 905 o
2433 845 2610 920 bone,

312 930 602 1007 interest?
685 933 884 995 Bur.
917 933 1076 1003 Quid
1098 952 1233 995 mea
1252 932 1527 995 intersit?
1567 953 1743 1015 quam
1765 933 1962 1016 inepte
1987 936 2104 997 boc
2131 943 2347 1016 rogas!
2390 938 2608 1001 Panx.

311 1024 539 1085 Saltem
572 1024 649 1085 de
674 1026 907 1087 moecho
929 1026 1127 1105 aliquo
1148 1046 1269 1087 non
1298 1026 1441 1087 mihi
1470 1028 1754 1088 narrabis.
1813 1028 2014 1092 Bur.
2039 1029 2176 1089 Non
2197 1029 2272 1089 de
2297 1050 2418 1090 uno
2437 1030 2607 1093 forte.

312 1114 539 1179 szx.
583 1118 769 1197 Atqui
810 1118 969 1177 istud
1002 1120 1107 1179 tibi
1130 1119 1432 1198 explorare
1458 1119 1621 1181 licet.
1694 1120 1895 1183 Bur.
1937 1122 2074 1191 Quo
2100 1120 2324 1183 modo?
2392 1122 2610 1185 Pnnx.

310 1209 371 1269 Si
400 1210 603 1289 capite
635 1224 1003 1291 unguentum
1050 1211 1310 1274 redoleo.
1396 1213 1600 1272 Buu».
1644 1212 1804 1280 Quid
1853 1214 2033 1274 vero?
2079 1234 2200 1274 non
2243 1216 2611 1295 subegitatur

306 1301 489 1361 etiam
518 1304 727 1365 mulier
772 1305 1001 1385 absque
1036 1302 1391 1383 ung-uento?
1476 1304 1694 1365 Pnnx.
1740 1306 1876 1365 Non
1913 1315 2144 1367 ecastor
2187 1326 2322 1387 ego.
2406 1308 2609 1369 Bur.

306 1394 433 1453 Cur
460 1394 639 1475 igitur
664 1407 1009 1476 etquenam
1030 1398 1223 1457 abiisti
1250 1396 1540 1469 diluculo,
1569 1397 1870 1459 subducto
1893 1398 2037 1459 mihi
2077 1398 2303 1479 pallio?
2385 1400 2606 1463 Pan.

305 1486 531 1549 Mulier
556 1487 831 1569 quoedam
861 1489 1025 1551 socia
1047 1499 1109 1551 et
1134 1490 1327 1551 amica
1350 1500 1527 1551 nocte
1554 1509 1650 1551 me
1677 1491 1983 1552 arcessivit
2009 1492 2364 1571 parturiens.
2407 1494 2606 1557 Bur.

305 1580 477 1641 Itane
522 1601 642 1642 non
689 1592 954 1661 poteras,
994 1582 1339 1665 priusquam
1384 1602 1456 1645 eo
1502 1584 1644 1653 ires,
1690 1603 1810 1645 rem
1864 1584 2006 1645 mihi
2063 1584 2306 1646 dicere?
2387 1584 2604 1645 PnAx.

301 1674 542 1735 Mulieri
571 1688 793 1755 proesto
822 1696 955 1737 esse
983 1678 1313 1758 oportebat,
1340 1676 1438 1737 cui
1469 1686 1588 1736 tam
1621 1696 1804 1755 prope
1831 1676 2094 1737 instabat
2118 1688 2343 1757 pertus.
2404 1676 2604 1740 Beer.

298 1766 529 1827 Saltem
552 1768 695 1828 mibi
715 1769 991 1832 dixisses.
1078 1770 1201 1831 Sed
1222 1772 1428 1831 subest
1452 1770 1552 1829 bic
1579 1767 1804 1848 aliquid
1834 1769 1996 1829 mali.
2080 1769 2300 1831 Pnsx.
2329 1768 2488 1844 Non,
2506 1790 2612 1850 per
2703 1764 2710 1769 ’

302 1860 583 1922 Cererem
610 1874 673 1922 et
698 1862 1133 1940 Proserpinam.
1219 1863 1341 1922 Sed
1376 1864 1532 1923 sicut
1557 1872 1682 1921 tum
1705 1882 1886 1933 eram,
1927 1863 2064 1922 abii.
2148 1862 2428 1940 Rogabat
2449 1864 2609 1923 enim

298 1973 389 2025 ea,
450 1974 593 2035 qum
620 1974 713 2013 me
744 1954 1102 2025 arcessebat,
1128 1964 1197 2013 ut
1236 1972 1415 2033 quam
1470 1954 1756 2013 citissime
1811 1972 2072 2033 possem,
2127 1954 2204 2015 ad
2254 1972 2388 2014 sese
2441 1954 2606 2017 irem.

297 2046 507 2107 Bnm’.
552 2048 721 2107 Itane
768 2066 907 2106 vero
958 2066 1081 2107 non
1136 2047 1448 2126 oportebat
1502 2057 1563 2105 te
1621 2048 1976 2107 vestimenta
2019 2057 2122 2106 tua
2169 2046 2445 2107 sumere?
2496 2048 2610 2109 sed

294 2150 621 2219 postquam
642 2160 737 2199 me
758 2140 903 2199 meis
924 2159 1195 2211 exueras,
1212 2139 1433 2219 injecto
1454 2138 1596 2201 mihi
1619 2150 1721 2199 tuo
1745 2139 2251 2213 amicu10‚abiisti,
2265 2140 2606 2222 relinquens

296 2252 391 2291 me
418 2241 706 2312 tanquam
728 2243 1041 2303 mortuum,
1073 2233 1183 2293 nisi
1213 2232 1376 2314 quod
1404 2251 1525 2294 non
1545 2233 1844 2293 coronasti
1891 2253 2008 2307 me,
2061 2254 2254 2313 neque
2307 2233 2606 2315 lecythum

296 2324 657 2403 adposuisti.
740 2325 960 2386 PnAx.
1007 2326 1219 2407 Frigus
1251 2327 1407 2387 enim
1434 2336 1600 2393 erat:
1653 2346 1766 2406 ego
1797 2336 1996 2387 autem
2034 2327 2272 2405 gracilis
2317 2338 2378 2387 et
2424 2329 2607 2408 paulo

292 2418 621 2486 infirmiora
680 2418 935 2498 ideoque
964 2430 1033 2479 ut
1053 2419 1406 2493 calefiet-em,
1433 2420 1548 2481 ista
1579 2420 1784 2480 indui:
1827 2434 1886 2479 te
1914 2439 2052 2481 vero
2079 2421 2140 2478 in
2169 2421 2366 2482 calore
2396 2422 2607 2503 jacen-

292 2519 413 2568 tem
437 2519 501 2569 et
528 2511 810 2590 stragulis
840 2512 1068 2592 reliqui,
1098 2513 1177 2573 mi
1208 2514 1314 2575 vir.
1397 2514 1600 2575 Bar.
1643 2513 1954 2573 Laconicoe
1977 2524 2174 2573 autem
2215 2532 2364 2573 meae
2407 2526 2602 2577 tecum

291 2604 593 2677 abierunt,
622 2616 683 2665 et
714 2605 963 2665 baculus
990 2626 1159 2667 meus
1202 2606 1396 2666 simul.
1483 2606 1703 2667 PnAx.
1749 2606 1830 2667 Ut
1877 2605 2122 2685 pallium
2173 2615 2388 2680 tuerer,
2439 2628 2604 2670 meos

290 2714 431 2757 cum
480 2698 601 2757 tuis
630 2698 865 2759 calceos
894 2700 1141 2771 mutavi,
1170 2712 1229 2759 te
1258 2700 1518 2770 imitans,
1565 2711 1626 2761 et
1661 2699 1914 2779 pedibus
1965 2718 2212 2772 sonans,
2261 2712 2324 2759 et
2375 2700 2604 2782 lapides

288 2790 512 2851 seriens
569 2790 807 2853 baculo.
894 2792 1093 2853 anr.
1142 2793 1303 2852 Scin·
1352 2794 1534 2872 igitur
1587 2794 1858 2853 amisisse
1915 2804 1974 2854 te
2032 2791 2208 2853 tritici
2264 2795 2604 2869 sextarium,

288 2904 469 2964 quem
500 2904 617 2965 ego
652 2880 1039 2964 accepiisem,
1085 2885 1135 2947 si
1183 2887 1456 2947 concioni
1496 2884 1942 2946 interfuissem?
2025 2883 2244 2945 PnAx.
2309 2886 2402 2945 Ne
2443 2886 2606 2947 solli-

285 2977 447 3036 citus
498 2978 626 3037 sis:
684 2998 824 3039 nam
878 2998 1097 3039 marem
1158 2980 1377 3060 peperit
1429 3000 1698 3060 puerum.
1781 2979 1984 3039 Bur.
2028 2977 2302 3039 Concio?
2383 2977 2604 3041 PnAx.

288 3070 435 3130 Non
464 3084 698 3131 ecastor
724 3091 739 3130 :
796 3071 903 3131 sed
940 3072 1149 3131 mulier
1174 3072 1277 3131 illa
1304 3070 1381 3131 ad
1407 3091 1586 3151 quarn
1627 3070 1726 3131 ivi.
1791 3072 2037 3142 Verum,
2065 3070 2298 3142 amabo,
2327 3070 2603 3134 habitune

286 3174 383 3223 est
410 3162 673 3223 concio?
725 3162 925 3224 Bur.
971 3165 1063 3223 Ita
1092 3164 1312 3224 hercle.
1396 3164 1533 3223 Non
1561 3164 1914 3224 memineras
1939 3182 2036 3223 me
2059 3164 2166 3223 tibi
2192 3162 2314 3223 heri
2339 3165 2604 3227 dixisse?

286 3256 524 3317 Pnax.
563 3256 648 3315 At
698 3256 855 3315 enim
906 3276 1065 3317 nunc
1122 3256 1485 3316 reminiscor.
1570 3256 1770 3316 Bur.
1815 3258 1943 3318 Nec
1973 3256 2150 3336 igitur
2171 3276 2306 3335 quae
2345 3257 2469 3319 illic
2497 3259 2602 3321 de·

282 3362 451 3411 creta
496 3362 641 3411 sunt
682 3348 885 3409 nosti?
966 3349 1185 3409 Pnsx.
1229 3349 1339 3409 Pol
1386 3347 1596 3408 horum
1647 3348 1793 3409 nihil
1835 3350 1992 3410 novi.
2078 3348 2276 3410 Bmu».
2299 3350 2464 3411 Sede
2491 3352 2604 3432 igi·

286 3454 385 3503 tur
412 3443 618 3524 sepias
644 3443 889 3504 esitans.
973 3444 1158 3504 Vobis
1188 3443 1343 3503 enim
1374 3441 1794 3522 rempublicam
1838 3441 2180 3502 mandatam
2207 3462 2341 3504 esse
2368 3443 2599 3509 dicunt.

287 3535 516 3599 Pnnx.
606 3535 767 3605 Quid
795 3537 889 3597 ‘ut
944 3535 1274 3597 faciamus?
1330 3534 1649 3595 texamus?
1751 3535 1955 3596 Bur.
2001 3535 2140 3594 Non
2199 3534 2434 3605 hercle3
2491 3538 2598 3599 sed

284 3641 357 3689 ut
390 3628 846 3691 administretis.
922 3630 1145 3691 Pnsx.
1190 3627 1528 3698 Quoenam?
1612 3628 1814 3689 Bur.
1844 3628 1966 3687 Res
1995 3646 2224 3702 omnes,
2245 3647 2382 3708 qum
2411 3629 2488 3690 ad
2515 3631 2602 3692 ci·

282 3722 532 3783 vitatem
564 3721 859 3784 adtinent.
940 3722 1161 3783 Pnsx.
1207 3721 1323 3783 Per
1346 3722 1660 3793 Venerem,
1689 3722 1866 3781 beata
1907 3720 2018 3782 erit
2043 3720 2252 3782 civitas
2291 3722 2355 3781 in
2395 3736 2600 3803 poste·

282 3832 439 3875 rum.
525 3814 728 3875 anr.
755 3814 1191 3883 Quamobrem?
1274 3816 1493 3876 PnAx.
1524 3813 1735 3874 Multis
1757 3812 1834 3875 de
1853 3814 2074 3875 causis.
2146 3814 2285 3874 Non
2311 3817 2468 3875 enim
2491 3836 2602 3877 au·

286 3905 543 3969 dacibus
572 3907 711 3968 viris
740 3906 943 3968 licebit
964 3909 1156 3989 turpia
1182 3909 1244 3968 in
1272 3928 1403 3969 eam
1432 3920 1495 3969 et
1522 3907 1772 3987 indigna
1797 3918 2028 3989 patrare
2069 3906 2388 3988 deincepS,
2409 3928 2599 3989 neque

284 4000 411 4062 ullo
466 4000 653 4061 modo
708 4001 1109 4062 testimonium
1163 4002 1379 4063 falsum
1446 4002 1666 4076 dicere,
1733 4019 1928 4080 neque
1997 4000 2312 4063 criminari.
2395 4001 2598 4064 Bmzr.

287 4090 676 4173 Neutiquam,
714 4114 819 4174 per
848 4094 995 4155 deos
1022 4094 1289 4168 obsecro,
1315 4095 1470 4155 istuc
1496 4094 1726 4167 feceris,
1754 4112 1946 4173 neque
1987 4091 2128 4152 mihi
2159 4094 2376 4154 vietum
2401 4110 2598 4156 meum

286 4186 548 4247 auferas.
632 4187 851 4249 Cnon.
894 4189 949 4245 Ο
996 4188 1075 4248 mi
1120 4189 1318 4264 homo,
1364 4189 1541 4249 sinito
1581 4207 1824 4249 uxorem
1877 4187 2096 4247 dicere.
2186 4186 2406 4248 Pnax.
2459 4188 2598 4247 Non

286 4278 751 4360 despoliatorem
778 4300 934 4354 esse,
972 4300 1094 4341 non
1122 4282 1385 4342 invidere
1410 4280 1618 4342 vicinis
1635 4302 1653 4352 ;
1699 4281 1991 4341 neminem
2019 4279 2266 4354 nudum,
2307 4280 2596 4341 neminem

282 4390 614 4455 pauperem
640 4394 801 4448 esse,
828 4394 949 4436 non
998 4375 1337 4451 conviciari,
1380 4394 1502 4436 non
1547 4375 1803 4455 pignora
1842 4394 1882 4434 a
1933 4373 2294 4435 debitoribus
2341 4374 2594 4432 auferre.

288 4466 511 4531 cnon.
554 4468 676 4531 Per
716 4468 1083 4551 Neptunum,
1130 4488 1349 4550 magna
1390 4469 1725 4551 pollicetur,
1775 4467 1890 4531 nisi
1945 4466 2288 4529 mentiatur.
2371 4464 2594 4527 Pusx.
