3059 5059
1232 764 2030 863 PLUTUS.

1322 1020 1536 1031 ——n-—u-

1100 1186 1297 1253 DRA
1312 1187 1604 1254 MATIS
1677 1186 2180 1253 PERSONAE.

573 1336 1093 1415 Camofamulu-ae.
1727 1342 1864 1401 Vm
1891 1340 2161 1399 Jusrus.

574 1430 1002 1493 Cnnmssmrs
1030 1434 1223 1493 herus.
1731 1435 2210 1493 Svcormnn.

574 1519 863 1583 PLu‘rus.
1730 1528 1940 1585 Anus.

574 1612 851 1675 Cnoaus
882 1616 1354 1679 Rus-rrcoaun.
1729 1620 2183 1679 Anonasczns.

574 1703 1048 1772 Bnssrsmmrus
1076 1714 1299 1774 amicus
1330 1714 1645 1795 Chremyli.
1731 1712 2165 1772 Msacumus.

578 1798 1003 1865 Pantanus.
1736 1807 2081 1867 Sacennos
2109 1804 2321 1863 Jovxs.

576 1890 643 1951 M
651 1913 765 1953 un
780 1915 861 1956 sn.
887 1918 1037 1959 uxor
1068 1897 1382 1977 Chremyli.

1460 2056 1469 2075 ¹
1498 2044 1756 2123 [1--39J

498 2166 705 2259 Can.
748 2192 803 2255 Ο
825 2192 862 2256 J
872 2212 1121 2257 uerum
1152 2196 1388 2276 mique,
1416 2217 1594 2276 quam
1625 2195 1877 2261 molesta
1897 2217 1991 2257 res
2021 2208 2114 2259 est
2141 2218 2371 2259 servum
2399 2216 2534 2261 esse
2574 2200 2800 2281 desipi-

497 2294 653 2353 entis
685 2289 942 2349 domini!
1012 2290 1074 2349 Si
1104 2291 1255 2349 enim
1289 2292 1510 2369 optima
1555 2310 1806 2371 quaeque
1844 2310 2048 2351 servus
2097 2292 2328 2365 dixerit,
2375 2314 2548 2354 secus
2596 2307 2800 2355 autem

496 2384 691 2445 facere
716 2382 860 2442 hero
886 2380 1174 2455 videatur,
1205 2402 1373 2442 servo
1400 2384 1634 2445 evenire
1685 2384 1909 2463 aliquid
1959 2385 2098 2444 mali
2145 2404 2392 2447 necesse
2439 2398 2552 2447 est.
2637 2387 2798 2447 Nam

498 2480 600 2560 qui
646 2488 857 2536 natura
884 2477 1145 2555 corporis
1176 2478 1266 2535 sui
1297 2476 1572 2537 dominus
1613 2489 1724 2549 est,
1771 2496 1906 2539 eum
1959 2480 2018 2537 in
2063 2478 2211 2538 illud
2251 2479 2351 2559 jus
2397 2480 2615 2541 habere
2667 2500 2796 2541 non

496 2572 640 2633 sinit
669 2570 955 2641 Fortuna,
986 2568 1089 2629 sed
1122 2569 1286 2629 illum
1334 2571 1433 2648 qui
1482 2570 1540 2630 id
1579 2571 1804 2633 emerit.
1889 2572 2086 2649 Atque
2141 2571 2274 2632 hoec
2319 2572 2560 2652 quidem
2600 2572 2686 2633 ita
2733 2594 2804 2635 se

496 2664 740 2725 habent.
822 2660 939 2723 Sed
972 2661 1235 2734 Loxiam,
1284 2664 1383 2742 qui
1428 2663 1780 2724 vaticinatur
1827 2686 1862 2725 e
1903 2664 2135 2744 tripode
2185 2684 2382 2736 aureo,
2419 2685 2640 2727 accuso
2685 2666 2804 2728 hac

493 2759 657 2839 justa
682 2757 1085 2827 accusatione,
1113 2754 1298 2835 quod,
1326 2756 1592 2817 medicus
1621 2777 1803 2836 quum
1843 2758 1921 2817 sit
1963 2768 2027 2817 et
2071 2767 2260 2829 vates,
2297 2768 2366 2818 ut
2403 2758 2592 2832 aiunt,
2641 2760 2803 2840 sapi·-

500 2873 631 2925 ens,
690 2861 815 2911 atra
860 2850 963 2909 bili
1014 2848 1303 2928 percitum
1347 2848 1573 2910 dimisit
1623 2851 1830 2911 herum
1881 2870 2112 2919 meum:
2170 2852 2272 2930 qui
2327 2870 2482 2932 pone
2535 2851 2807 2933 sequitur

498 2944 797 3006 hominem
820 2962 1068 3015 coecum,
1097 2950 1304 3003 contra
1330 2942 1559 3003 faciens
1587 2954 1768 3023 atque
1800 2964 1932 3004 eum
1961 2944 2356 3004 conveniebat
2382 2943 2595 3006 facere.
2641 2944 2802 3005 Nam

500 3058 635 3110 nos,
664 3038 765 3116 qui
792 3035 1078 3106 videmuS,
1104 3054 1299 3095 coecos
1323 3034 1595 3095 ducimus
1619 3056 1636 3096 t
1686 3039 1798 3098 iste
1827 3050 2022 3096 autem
2050 3035 2335 3116 sequitur,
2385 3056 2456 3097 ac
2505 3056 2598 3097 me
2641 3038 2810 3098 insu·

499 3152 608 3213 per
663 3130 831 3208 sequi
878 3128 1061 3209 cogit,
1112 3127 1255 3187 nihil
1309 3148 1551 3208 prorsus
1599 3129 1738 3189 mihi
1785 3130 2170 3209 respondens.
2255 3130 2630 3210 Quapropter
2679 3150 2804 3191 non

500 3234 705 3309 potest
729 3223 853 3282 fieri
882 3233 950 3281 ut
977 3234 1225 3292 taceam,
1256 3221 1365 3280 nisi
1394 3221 1633 3293 dixeris,
1661 3242 1768 3282 cur
1791 3223 1950 3283 hunc
1975 3242 2292 3301 sequamur
2321 3222 2583 3295 tandem,
2623 3223 2804 3290 here:

505 3318 613 3379 sed
640 3317 933 3377 facessam
956 3313 1059 3373 tibi
1082 3312 1428 3391 negotium:
1485 3334 1606 3375 non
1635 3315 1792 3374 enim
1837 3336 1930 3375 me
1981 3316 2334 3389 verberabis,
2377 3316 2478 3396 qui
2521 3334 2806 3376 coronam

502 3411 719 3471 haben.
804 3409 1078 3467 Cannu.
1112 3406 1295 3465 Immo
1324 3406 1544 3479 hercle,
1575 3408 1843 3467 detracta
1871 3408 2032 3487 prius
2063 3429 2306 3480 corona,
2337 3410 2384 3469 si
2415 3409 2555 3469 mihi
2587 3410 2814 3471 moles·

502 3514 603 3564 tus
632 3503 770 3573 eris,
796 3509 864 3561 ut
890 3499 1081 3580 magis
1102 3498 1365 3559 dolorem
1409 3502 1656 3561 sentias.
1741 3502 1909 3561 CAR.
1955 3502 2190 3581 Nugae!
2245 3522 2365 3561 non
2409 3503 2564 3562 enim
2605 3504 2812 3583 quies·

504 3616 659 3668 cam,
687 3599 1033 3677 priusquam
1072 3592 1237 3651 dicas
1289 3592 1453 3665 mihi,
1501 3595 1636 3673 quis
1685 3594 1924 3655 tandem
1967 3596 2046 3655 sit
2079 3597 2209 3656 iste.
2297 3595 2510 3656 Animo
2549 3617 2812 3677 namque

504 3708 748 3768 prorsus
776 3686 1062 3747 benevoio
1089 3686 1202 3746 hoc
1234 3687 1521 3746 sciscitor.
1607 3689 1881 3748 Cmum.
1931 3690 2010 3748 At
2037 3694 2096 3748 te
2123 3708 2243 3749 non
2263 3688 2474 3749 celabo
2499 3710 2514 3750 ε
2543 3709 2811 3751 meorum

506 3783 665 3843 enim
692 3800 1000 3842 vernarum
1030 3780 1432 3840 fidelissimum
1465 3790 1523 3840 te
1555 3779 1712 3841 duco
1749 3792 1808 3841 et
1839 3781 2323 3842 occultissimum.
2413 3783 2565 3863 Ego,
2591 3784 2697 3863 qui
2723 3785 2816 3844 vir

508 3876 787 3954 sumpius
816 3886 875 3933 et
894 3874 1117 3953 justus,
1144 3872 1349 3952 iniqua
1398 3876 1608 3934 utebar
1654 3875 1916 3944 fortuna,
1973 3884 2039 3933 et
2091 3894 2317 3955 pauper
2371 3896 2552 3937 eram.
2637 3877 2812 3938 CAR.

508 3969 665 4029 Novi
696 3968 990 4048 equidem.
1073 3966 1351 4025 Cannu.
1391 3966 1507 4026 Alii
1549 3977 1748 4028 autem
1797 3966 2170 4029 ditescebant
2217 3968 2511 4049 sacrilegi,
2553 3968 2820 4030 causidi-

507 4063 583 4135 ci,
642 4074 703 4121 et
757 4060 1163 4141 sycophantae,
1214 4070 1275 4117 et
1322 4058 1580 4121 scelesti.
1666 4060 1835 4121 CAR.
1882 4059 2100 4121 Credo.
2185 4062 2460 4123 Cannu.
2513 4062 2814 4123 Scitatum

506 4156 687 4235 igitur
714 4155 1013 4234 profectus
1058 4172 1188 4211 sum
1238 4152 1313 4211 ad
1361 4152 1559 4225 deum,
1605 4172 1796 4215 meam
1835 4153 2075 4231 quidem
2123 4154 2376 4216 hominis
2433 4156 2632 4215 miseri
2689 4174 2816 4217 rem

506 4248 853 4308 familiarem
884 4245 1004 4307 fere
1019 4246 1143 4325 jam
1172 4239 1517 4305 existimans
1546 4246 1894 4307 exhaustam
1924 4266 2094 4307 esse:
2151 4246 2226 4307 de
2271 4246 2396 4308 filio
2435 4258 2660 4322 autem,
2709 4246 2818 4330 qui

508 4340 654 4401 mihi
694 4340 906 4399 unicus
948 4350 1061 4411 est,
1110 4338 1600 4418 interrogaturus,
1647 4358 1725 4398 an
1766 4358 1898 4399 eum
1943 4350 2216 4418 oporteat
2259 4342 2501 4401 mutatis
2547 4340 2818 4402 moribus

504 4436 633 4497 fieri
662 4433 1007 4514 improbum,
1034 4431 1338 4512 injustum,
1368 4431 1560 4491 omnis
1587 4431 1916 4493 honestatis
1943 4443 2266 4512 expertem,
2303 4442 2508 4516 utpote
2544 4435 2650 4513 qui
2674 4434 2818 4495 vitm

505 4527 563 4587 id
588 4538 855 4608 putarem
886 4525 1238 4590 conducere.
1303 4524 1470 4587 Cn..
1500 4522 1665 4592 Quid
1691 4546 1831 4605 ergo
1862 4526 2122 4587 Phoebus
2141 4529 2408 4608 profatus
2430 4539 2524 4590 est
2543 4548 2580 4589 e
2604 4526 2820 4589 sertis?
