3059 5059
397 311 754 391 soa-652]
1189 307 1985 387 ACHARNENSES.
2503 371 2508 377 .
2636 316 2705 374 ιι

397 443 728 515 merebant,
781 443 1154 516 Tisamenus,
1207 443 1595 524 Phoenippos,
1654 454 1719 505 et
1772 443 2213 524 Hipparchidas
2270 443 2706 525 nequissimos:

398 533 550 594 alios
579 535 743 616 apud
772 535 1088 597 Charetem
1115 556 1130 596 :
1175 535 1324 596 alios
1373 537 1432 596 in
1463 537 1757 608 Chaonia,
1788 535 2062 608 Geretes,
2090 537 2462 609 Theodorus,
2482 536 2709 617 ‘glorio‘

397 645 622 708 sosque
667 629 1064 690 Diomenses:
1128 629 1276 691 alios
1335 630 1394 689 in
1445 630 1787 702 Camarina,
1832 630 1895 689 in
1952 629 2129 703 Gela,
2176 639 2240 691 ct
2291 630 2351 690 in
2397 629 2712 709 Catagela-

401 721 573 781 ιιι.
637 719 796 781 Nam
837 719 1136 802 suffragiis
1163 731 1335 782 erant
1380 722 1564 810 menti
1609 723 1814 784 duces.
1899 723 2047 786 Drc.
2090 721 2247 792 Qun
2298 731 2496 784 autem
2526 741 2713 786 causa

395 825 514 886 est,
540 832 650 874 cur
677 834 787 875 vos
811 815 1052 894 quidem
1077 814 1412 876 mercedem
1437 815 1746 896 accipiatis
1790 814 2208 895 undecunque,
2236 816 2483 877 istorum
2510 827 2709 878 autem

396 905 616 966 nemo?
658 906 907 980 Quaeso,
939 907 1255 982 Marilade,
1282 926 1361 968 an
1405 919 1493 980 tu,
1539 907 1644 989 qui
1680 908 1807 988 jam
1848 927 2039 970 canus
2080 927 2169 984 es,
2212 908 2569 990 legationem
2598 929 2711 970 un·

397 1017 578 1078 qnam
607 1000 826 1072 obiisti,
853 1019 966 1060 nec
993 1019 1070 1060 ne
1095 999 1124 1059 ἲ
1164 1001 1398 1061 renuitx
1441 1011 1504 1062 et
1553 1013 1753 1062 tamen
1798 1002 1913 1062 iste
1950 1003 2261 1063 modestus
2284 1010 2379 1062 est
2404 1011 2467 1062 et
2490 1001 2711 1063 laboris

397 1111 628 1154 amans.
715 1092 876 1162 Quid
905 1111 1044 1154 vero
1076 1093 1418 1175 Dracyllus,
1447 1103 1512 1156 et
1542 1094 1941 1175 Euphorides,
1970 1105 2076 1156 aut
2106 1093 2424 1156 Prinidesl
2466 1094 2710 1156 nov‘itno

395 1185 616 1267 aliquis
641 1198 904 1250 vestrum
951 1187 1279 1258 Ecbatana,
1326 1199 1432 1248 aut
1480 1187 1815 1248 Chaonas?
1860 1199 2122 1274 negantt
2164 1187 2273 1252 sed
2312 1187 2481 1254 novit
2502 1184 2605 1248 ille
2632 1187 2711 1248 de
2836 1230 2843 1236 ·

396 1279 670 1361 Coesyroe
711 1281 990 1361 prosapia
1016 1291 1080 1340 et
1127 1279 1481 1354 Lamachus,
1529 1282 1745 1362 quibus
1790 1299 1999 1361 nuper,
2050 1290 2293 1361 propter
2327 1277 2546 1360 stipem
2588 1297 2711 1342 non

393 1371 678 1434 collatam
705 1383 771 1434 et
795 1393 882 1432 aes
929 1373 1212 1447 alienum,
1255 1372 1430 1434 amici
1479 1393 1710 1445 omnes,
1744 1385 1814 1434 ut
1865 1373 2063 1434 solent
2100 1374 2205 1454 qni
2230 1373 2465 1453 vesperi
2492 1375 2710 1452 aqum

397 1482 503 1544 per
529 1464 822 1527 fenestras
848 1463 1166 1526 effundunt
1183 1484 1306 1546 qua
1329 1464 1516 1545 pedes
1546 1465 1803 1540 abluere,
1834 1465 2137 1538 dicebant,
2167 1463 2453 1531 Abscede.
2532 1465 2714 1525 Lau-

399 1555 456 1615 0
483 1557 678 1636 plebis
698 1558 978 1619 licentia!
1017 1557 1284 1619 hoeceine
1313 1578 1456 1638 ergo
1485 1570 1630 1619 sunt
1657 1558 2015 1620 toleranda?
2100 1557 2248 1620 D1c.
2270 1545 2435 1626 ‚'Non
2464 1575 2631 1630 sane,
2658 1560 2709 1618 si

396 1647 729 1710 hmachus
757 1650 1062 1731 stipendia
1089 1669 1210 1711 non
1251 1662 1496 1712 mereat.
1582 1652 1751 1711 Lau.
1812 1651 1893 1712 At
1918 1669 2034 1733 ego
2063 1649 2379 1712 adversum
2407 1651 2711 1730 Pelopon.-

395 1742 598 1802 n‘esios
627 1762 834 1807 omnes
863 1742 1085 1818 bellum
1114 1763 1346 1824 semper
1373 1761 1597 1823 geram,
1620 1763 1845 1823 eosque
1872 1745 2081 1823 quavis
2108 1744 2341 1804 ratione
2376 1742 2709 1817 lacessitos,

397 1835 670 1908 navibus,
715 1836 1209 1916 terrestribusque
1239 1835 1462 1915 copiis,·
1477 1847 1809 1897 commotos
1852 1835 2121 1910 reddam,
2152 1846 2443 1916 quantum
2480 1846 2710 1917 potero,

397 1925 548 1988 Dxc.
591 1929 722 2007 Ego
746 1947 887 1988 vero
912 1929 1176 2008 praedico
1221 1929 1691 1994 Lacedaemoniis
1734 1918 2009 1990 omnibus
2046 1938 2111 1989 et
2160 1929 2621 2008 Megarensibus
2649 1939 2714 1990 ct

397 2017 668 2093 Boeotiis,
721 2031 793 2082 ut
841 2033 1046 2084 emant
1096 2022 1480 2101 venduntque
1525 2022 1587 2083 in
1642 2021 1773 2081 foro
1826 2040 2005 2083 meo:
2048 2021 2159 2084 sed
2216 2021 2521 2084 Lamacho
2564 2039 2707 2082 non.

395 2113 619 2179 Cnoa.
661 2113 862 2177 Homo
887 2114 1001 2176 iste
1029 2115 1212 2176 vincit
1253 2113 1645 2196 arg-umentis,
1690 2125 1753 2176 et
1802 2116 2085 2195 populum
2112 2113 2361 2190 inducit,
2388 2126 2457 2177 ut
2480 2125 2712 2182 mutata

397 2207 698 2267 sententia
721 2209 934 2290 probet
981 2208 1296 2269 inducias:
1341 2208 1448 2269 sed
1499 2208 1885 2288 accingamus
1912 2226 2024 2268 nos
2067 2208 2146 2267 ad
2190 2219 2531 2290 auapaestos
2560 2209 2711 2270 reci-

395 2297 638 2362 tandos.
681 2293 770 2359 Ex
797 2319 918 2380 quo
945 2303 1128 2391 poeta
1147 2313 1352 2363 noster
1373 2301 1617 2362 comicis
1646 2303 1909 2362 animum
1930 2299 2165 2382 adpulit
2190 2301 2409 2374 choris,
2438 2302 2709 2364 nondum
2741 2377 2745 2380 ²

395 2391 617 2472 prodiit
643 2395 1078 2473 spectatoribus
1107 2393 1378 2458 dicturus
1408 2395 1619 2455 scitum
1647 2393 2029 2476 lepidumque
2060 2411 2125 2453 se
2168 2413 2327 2456 esse.
2410 2395 2742 2472 Quoniam,

396 2496 596 2546 autem
639 2486 794 2547 falso
841 2487 1218 2548 insimulatur
1274 2491 1350 2548 ab
1399 2487 1651 2548 inimicis
1708 2487 1869 2568 apud
1925 2486 2323 2548 Athenienses
2372 2485 2709 2568 proeeipites

395 2578 633 2651 consili,
663 2580 836 2661 quasi
877 2580 1177 2641 civitatem
1205 2579 1464 2641 ludibrio
1505 2581 1615 2641 sibl
1663 2581 1903 2651 habeat,
1930 2580 2337 2662 populumque
2363 2581 2713 2660 proscindat

393 2671 702 2746 conviciis,
728 2691 882 2753 opus
907 2683 1002 2734 est
1028 2683 1095 2734 ut
1123 2673 1487 2753 respondeat
1507 2673 1629 2734 illis
1648 2672 1816 2755 apud
1833 2672 2233 2734 Athenienses
2250 2682 2479 2735 mutare
2492 2673 2707 2736 solitos

395 2763 668 2825 consilia.
751 2765 914 2846 Ergo
940 2777 1212 2828 autumat
1239 2767 1418 2848 po‘e‘ta
1445 2766 1765 2826 multorum
1794 2784 1861 2826 ss
1889 2766 2058 2826 vobis
2084 2768 2378 2836 bonorum
2406 2777 2709 2829 auctorem

393 2873 553 2929 esse,
599 2857 774 2937 cnjus
804 2877 984 2938 opera
1011 2860 1257 2933 factum,
1286 2871 1354 2920 ut
1395 2878 1514 2922 non
1549 2859 1802 2939 amplius
1852 2869 1973 2918 tam
2004 2859 2178 2919 facile
2205 2860 2513 2940 patiamini
2538 2863 2707 2923 vobis

395 2968 438 3009 a
463 2950 792 3030 peregrinis
837 2953 1018 3013 verba
1063 2951 1212 3020 dari,
1241 2971 1352 3014 nec
1403 2951 1812 3016 adulatoribus
1856 2951 2256 3025 delectemini,
2304 2971 2417 3018 nec
2463 2953 2709 3016 remisse

395 3043 823 3122 rempublicam
873 3043 1317 3108 administratis.
1401 3044 1675 3105 Antehac
1704 3055 1905 3105 autem
1938 3045 2121 3123 legati
2150 3045 2225 3104 ab
2248 3045 2493 3107 urbibus
2521 3045 2711 3118 missi,

397 3134 454 3196 si
482 3134 707 3196 vellent
733 3154 840 3196 vos
888 3137 1330 3210 circumvenire,
1358 3137 1549 3218 primo
1576 3135 1751 3201 violis
1790 3145 2101 3204 coronaws
2126 3157 2235 3198 vos
2282 3139 2707 3218 appellabantr

395 3227 564 3307 qnod
593 3228 847 3288 simulac
875 3227 1106 3289 dixerat
1133 3230 1452 3311 quispiam,
1493 3230 1691 3292 statim
1723 3241 1963 3310 propter
1998 3251 2245 3300 coronas
2268 3232 2327 3291 in
2355 3232 2709 3312 primoribus

393 3319 638 3380 natibus
665 3320 986 3383 sedebatis.
1073 3323 1224 3382 Tum
1271 3323 1320 3382 si
1349 3323 1480 3402 quis
1508 3323 1679 3383 vobis
1722 3323 2085 3403 subpalpans
2112 3325 2353 3398 diceret,
2400 3327 2457 3386 0
2486 3327 2711 3394 nilida

393 3421 456 3474 et
474 3415 740 3494 pingue·
770 3413 1051 3487 Athenae,
1077 3414 1130 3474 is
1171 3433 1350 3494 quam
1387 3416 1567 3476 vellet
1614 3433 1735 3474 rem
1762 3415 2135 3488 conficiebat,
2160 3419 2239 3477 ob
2264 3416 2709 3495 pinguedinem,

393 3524 518 3584 qua
545 3509 994 3586 vos,'tanquam
1035 3525 1242 3585 spiras,
1271 3516 1645 3586 perunxerat.
1733 3507 1883 3567 Haec
1929 3507 2069 3586 quia
2094 3507 2237 3568 fecit
2261 3509 2463 3588 poeta,
2490 3510 2710 3571 multo-

403 3617 534 3660 rum
583 3599 878 3660 bonorum
907 3617 1098 3662 causa
1142 3601 1316 3660 vobis
1363 3600 1638 3661 exstitit:
1698 3611 1827 3660 tum
1876 3601 2056 3660 etiam
2096 3600 2363 3661 ostendit
2408 3602 2707 3664 sociarum

392 3690 703 3752 civitatum
757 3691 1010 3764 incolas,
1067 3703 1132 3752 ut
1182 3692 1456 3772 populari
1510 3702 1793 3773 regantur
1846 3692 2108 3773 imperio.
2206 3685 2417 3774 Itaque
2464 3696 2592 3775 jam
2630 3713 2711 3758 cx

393 3782 640 3846 urbibus
687 3783 974 3850 tributum
1023 3784 1192 3844 vobis
1237 3785 1577 3846 adferentes
1604 3785 1863 3857 venient,
1891 3785 2089 3848 videre
2131 3786 2439 3865 cupientes
2466 3789 2707 3868 po‘etam

391 3877 558 3936 bunc
587 3876 1170 3956 praestantissimum,
1221 3879 1324 3958 qui
1371 3877 1699 3958 periculum
1729 3893 1849 3938 non
1888 3877 2107 3958 refugit
2128 3879 2447 3958 quominus
2484 3879 2714 3942 diceret

393 3969 866 4036 Atheniensibus
899 3981 1048 4058 ’quoe
1065 3969 1234 4049 justa
1261 3983 1420 4030 sunt.
1503 3969 1650 4030 Tam
1678 3969 1799 4032 late
1828 3981 2029 4031 autem
2072 3970 2203 4050 ejus
2248 3971 2521 4034 audacie
2546 3973 2711 4042 sama

391 4071 722 4142 pervagata
750 4071 866 4136 est,
893 4071 963 4123 ut
990 4073 1052 4123 et
1082 4063 1348 4144 Magnus
1383 4065 1553 4137 Rex,
1594 4063 1833 4144 legatos
1858 4064 2177 4144 explorans
2196 4099 2203 4106 ,
2220 4065 2707 4128 Lacedaemonia-

390 4173 546 4228 rum,
603 4153 944 4217 sciscitatus
999 4155 1173 4216 fixerit
1235 4175 1310 4216 ex
1371 4157 1518 4238 ipsis
1565 4157 1833 4238 primum,
1880 4157 1995 4216 utri
2036 4157 2233 4220 classe
2276 4159 2709 4238 proevalerent:

391 4245 636 4322 deinde,
687 4248 840 4309 utris
884 4250 1065 4330 poiita
1111 4249 1227 4314 iste
1275 4249 1464 4310 multa
1517 4249 1789 4312 convicia
1831 4248 2031 4310 dicatt
2070 4250 2183 4320 hos
2230 4253 2387 4319 enim
2432 4252 2703 4322 homines

391 4339 706 4420 inquiebat
729 4341 1004 4403 meliores
1054 4343 1305 4416 futuros,
1335 4352 1398 4401 et
1421 4342 1583 4408 bello
1625 4342 1805 4424 longe
1848 4353 2252 4423 superaturos,
2291 4346 2391 4426 qui
2416 4345 2545 4425 ejus
2570 4355 2703 4406 ute·

393 4445 600 4504 nentur
627 4431 918 4498 consiliis.
993 4435 1328 4519 'Propterea
1370 4435 1805 4498 Lacedaemonii
1848 4455 1955 4498 vos
1986 4435 2060 4497 ad
2092 4455 2298 4518 pacem
2338 4439 2613 4514 invitant,
2640 4448 2705 4500 et
