3059 5059
456 400 579 463 206
1193 391 1976 457 AnlsToPHAms
2319 395 2750 479 [lost-nlo

458 530 517 589 0
542 548 647 591 rex
664 525 843 591 maris
872 526 1170 609 Neptune,
1196 533 1265 589 et·
1282 527 1367 589 dii
1392 528 1632 603 seniles,
1657 538 1942 608 quantum
1969 544 2248 609 rugarum
2267 528 2332 589 in
2351 529 2506 593 {scie
2528 527 2746 591 babet!

456 623 585 685 Au.
608 621 727 695 Ab,
756 621 869 682 ah!
923 619 1114 683 facem
1141 621 1283 682 mihi
1310 640 1387 681 ne
1413 620 1686 683 admove.
1769 622 2044 685 Canu.
2067 622 2256 683 Recte
2281 640 2428 683 sane
2453 630 2742 683 summat.

458 716 523 774 Si
566 718 719 776 enim
762 715 953 796 ipsam
1005 715 1097 776 vel
1124 715 1302 775 unica
1328 712 1590 775 scintilla
1615 714 1898 794 attigerit,
1935 726 2218 794 tanquam
2245 724 2548 776 vetustum
2595 712 2746 773 olem

452 828 679 869 ramum
700 828 833 869 eam
856 811 1178 871 comburet.
1259 808 1384 868 An.
1430 807 1568 867 Vin'
1595 806 2016 888 aliquantisper
2039 826 2272 871 meeum
2297 806 2546 869 ludere?
2615 806 2746 868 Ar.

458 901 733 973 Ubinam,
759 901 977 963 miser?
1054 902 1177 963 An.
1209 900 1377 975 Istic,
1404 900 1614 961 sumtis
1642 900 1912 962 nucibus.
1993 902 2122 961 Art.
2144 901 2471 970 Quemnam
2492 896 2746 959 ludum?

454 994 581 1055 An.
623 994 788 1063 Quot
812 996 997 1056 habes
1026 993 1234 1055 dentes
1261 992 1289 1051 2
1363 993 1638 1054 Cannu.
1680 994 1764 1053 At
1789 1011 2150 1073 cognoscam
2173 1012 2290 1072 ego
2313 994 2534 1055 etism:
2565 991 2752 1053 babet

456 1087 613 1149 enim
656 1097 777 1149 tres
812 1088 1085 1159 sortasse,
1129 1096 1233 1147 aut
1270 1096 1545 1166 quatuor.
1626 1085 1750 1147 An.
1795 1086 2012 1147 Solve:
2057 1105 2198 1147 nam
2235 1087 2473 1147 unicum
2517 1096 2752 1147 tantum

453 1180 736 1241 molarem
760 1179 961 1243 habet.
1043 1179 1171 1240 An.
1215 1179 1410 1241 Homo
1436 1179 1792 1239 miserrime!
1845 1198 1968 1240 non
1992 1178 2134 1240 mibi
2163 1178 2376 1241 videris
2407 1199 2542 1241 esse
2581 1198 2752 1241 sano

452 1272 691 1347 mentis,
719 1274 821 1353 qui
862 1292 1057 1334 coram
1099 1280 1195 1332 tot
1236 1272 1376 1332 viris
1420 1291 1515 1333 me
1558 1272 1835 1332 conviciis
1883 1272 2209 1351 perfundis.
2289 1274 2414 1333 An.
2459 1270 2754 1351 Equidem

454 1364 559 1425 tibi
588 1366 918 1445 prodesset,
946 1365 995 1425 si
1021 1364 1155 1445 quis
1183 1374 1243 1425 te
1270 1363 1467 1425 calida
1492 1364 1892 1445 perfunderet.
1947 1364 2222 1429 Cannu.
2249 1365 2388 1427 Non
2409 1385 2578 1439 sane,
2603 1364 2750 1445 quin

454 1478 615 1519 nunc
632 1458 985 1538 mangonice
1012 1477 1148 1519 sese
1168 1458 1383 1519 habet:
1440 1458 1534 1517 sin
1556 1457 1832 1519 abluatur
1857 1456 1976 1519 ista
1996 1476 2264 1533 cerussa,
2288 1458 2518 1520 videbis
2557 1456 2751 1519 mani-

452 1553 607 1613 festo
631 1552 799 1614 faciei
826 1571 1027 1633 rugas.
1088 1553 1215 1611 An.
1242 1551 1441 1622 Quum
1466 1550 1550 1611 sis
1575 1550 1756 1613 homo
1773 1570 1980 1623 senex,
1997 1550 2234 1627 deliras,
2257 1551 2344 1613 uti
2362 1550 2560 1611 video.
2616 1549 2746 1612 An.

454 1644 735 1705 Fortasse
776 1655 1033 1706 attentat
1070 1653 1153 1717 te,
1190 1654 1253 1706 et
1286 1644 1540 1725 papillas
1579 1654 1910 1705 contrectat
1933 1655 2092 1717 tuas,
2135 1643 2478 1706 existimans
2520 1643 2654 1705 haec
2681 1662 2750 1705 se

451 1738 607 1799 clam
636 1758 729 1799 me
757 1740 971 1799 facere.
1052 1738 1184 1799 An.
1228 1736 1365 1798 Non
1394 1756 1561 1798 meas
1589 1736 1849 1818 quidem,
1885 1756 2004 1798 non
2045 1737 2307 1818 inquam,
2349 1736 2626 1809 sceleste,
2661 1735 2750 1797 ita

450 1852 548 1893 me
570 1832 778 1893 Venus
806 1839 985 1892 amet.
1068 1832 1345 1892 Cannu.
1384 1829 1525 1891 Non
1553 1850 1720 1903 sane,
1755 1831 1840 1893 ita
1875 1828 2020 1890 mibi
2061 1830 2291 1892 Hecate
2329 1828 2588 1912 propitia
2625 1828 2706 1889 sit
2727 1848 2748 1890 ε

452 1943 591 1985 nam
612 1924 816 2005 utique
835 1923 1175 1986 insanirem.
1216 1924 1437 1985 Verum
1458 1934 1680 1997 tamen,
1701 1943 1740 1985 o
1757 1922 2132 1999 adolescens,
2159 1942 2280 1985 non
2301 1922 2492 1983 sinam
2510 1919 2750 1983 adoles·

450 2017 751 2081 eentulam
777 2028 847 2079 ut
866 2017 1005 2080 odio
1027 2017 1249 2079 babeas
1291 2015 1489 2079 istam.
1571 2015 1700 2079 An.
1743 2018 1874 2097 Ego
1918 2037 2056 2079 vero
2101 2036 2232 2077 eam
2277 2014 2540 2078 efflictim
2585 2032 2746 2075 amo.

454 2112 729 2173 Caium.
768 2111 951 2192 Atqui
978 2122 1037 2172 te
1076 2120 1340 2173 accusat.
1423 2112 1549 2173 An.
1591 2110 1730 2180 Qua
1757 2110 1834 2171 de
1859 2130 1922 2171 re
1965 2107 2254 2171 accusati
2329 2108 2604 2170 Canu.
2641 2106 2751 2166 Ait

453 2214 513 2267 te
540 2206 903 2288 petulantem
930 2223 1065 2266 esse
1090 2215 1153 2265 et
1180 2203 1396 2279 dicere,
1422 2204 1582 2267 Olim
1601 2204 1807 2284 fortes
1827 2204 2026 2283 juisse
2066 2202 2362 2264 Milesios.
2445 2200 2570 2261 An.
2613 2198 2748 2279 Ego

454 2297 533 2359 de
559 2298 672 2360 bac
698 2308 891 2360 tecum
918 2318 1038 2359 non
1062 2298 1439 2360 contendam.
1520 2298 1795 2359 enus.
1841 2296 1998 2366 Quid
2029 2293 2152 2357 ita?
2233 2297 2358 2357 An.
2390 2292 2754 2356 Reverentia

454 2390 649 2453 aetatis
695 2400 850 2452 tum:
923 2410 1061 2453 nam
1110 2410 1415 2471 nunquam
1470 2390 1638 2453 alteri
1681 2387 2116 2451 concessissem
2172 2398 2242 2450 ut
2275 2380 2448 2449 'istuc
2501 2386 2750 2447 faceret.

454 2486 633 2547 Nunc
658 2504 799 2547 vero
820 2486 995 2546 laetus
1017 2484 1115 2545 abi
1136 2484 1412 2545 adsumta
1433 2483 1902 2544 adolescentula.
1987 2482 2260 2541 Cannu.
2305 2480 2462 2542 Novi
2487 2486 2750 2541 mentem

456 2588 639 2648 tuam,
662 2576 834 2636 novi:
883 2595 1003 2635 non
1022 2576 1276 2653 amplius
1306 2578 1457 2635 sorte
1496 2574 1586 2633 vis
1629 2594 1764 2635 esse
1803 2592 1940 2633 cum
1979 2571 2103 2632 illa.
2185 2574 2316 2633 Ast.
2358 2572 2508 2643 Quis
2549 2582 2752 2633 autem

454 2679 551 2733 est
601 2664 1036 2749 permissurus?
1116 2666 1241 2725 An.
1302 2666 1443 2726 Non
1499 2665 1878 2727 sollicitarem
1933 2682 2078 2726 sane
2125 2682 2304 2725 anum
2351 2664 2750 2744 subagitatnm

454 2762 597 2825 inde
623 2781 662 2823 a
686 2760 974 2823 tredecies
992 2757 1151 2821 mille
1172 2758 1367 2819 annis.
1450 2758 1726 2819 Cannu.
1769 2757 1852 2817 At
1877 2767 2074 2817 tamen
2097 2756 2376 2837 quoniam
2403 2757 2605 2820 vinum
2625 2774 2750 2819 non

456 2855 813 2935 dedignatus
864 2872 932 2914 es
976 2852 1199 2924 bibere,
1246 2851 1423 2913 etiam
1476 2851 1599 2911 fmx
1645 2850 1748 2911 tibi
1795 2849 2199 2912 exhaurienda
2225 2851 2376 2921 orit.
2456 2851 2584 2913 An.
2625 2849 2752 2911 Sed

454 2950 591 3011 lime
610 2948 733 3009 fex
756 2958 852 3009 est
876 2945 1049 3007 nimis
1073 2956 1246 3007 vetus
1276 2954 1339 3006 et
1377 2944 1587 3025 putris.
1673 2944 1946 3005 Cannu.
1989 2942 2148 3024 Ergo
2173 2944 2374 3005 colum
2399 2943 2530 3005 istis
2557 2944 2750 3005 omni·-

429 3044 571 3105 ·bus
619 3040 966 3102 medebitur.
1046 3038 1167 3099 An.
1212 3038 1333 3099 Sed
1361 3038 1456 3099 abi
1498 3037 1690 3099 introi
1749 3036 1880 3098 Deo
1921 3037 2079 3101 enim
2118 3036 2254 3100 volo
2295 3038 2600 3118 ingressus
2641 3036 2754 3099 de·

458 3136 659 3199 dicare
688 3152 937 3195 coronas
964 3132 1167 3205 hasce,
1193 3150 1344 3211 quas
1372 3132 1583 3193 habeo.
1663 3132 1790 3191 Au.
1837 3130 1967 3211 Ego
2012 3150 2148 3191 vero
2195 3132 2250 3191 ei
2297 3132 2477 3193 etiam
2519 3130 2754 3211 aliquid

460 3228 655 3291 dicere
682 3228 839 3288 volo.
924 3226 1048 3286 An.
1088 3226 1172 3285 At
1206 3243 1318 3304 ego
1348 3224 1471 3304 jam
1523 3244 1646 3285 non
1693 3225 1945 3285 intrabo.
2025 3225 2299 3285 Cannu.
2347 3224 2516 3285 Bono
2550 3224 2750 3287 animo

460 3344 559 3385 es:
614 3322 757 3381 nihil
787 3319 1068 3381 formida:
1112 3338 1229 3379 non
1274 3318 1429 3378 enim
1472 3318 1578 3378 tibi
1617 3318 1734 3378 vim
1773 3317 2005 3380 inferet.
2091 3320 2215 3379 An.
2259 3318 2446 3379 Recte
2503 3318 2750 3379 omnino

456 3434 709 3477 mones:
764 3432 901 3475 nam
944 3412 1089 3473 satis
1146 3411 1333 3472 multo
1379 3424 1640 3492 tempore
1684 3429 1816 3472 eam
1865 3409 2111 3473 sublevi.
2189 3411 2315 3471 Au.
2359 3410 2578 3490 Iprae:
2629 3430 2748 3491 ego

460 3520 657 3583 autem
701 3526 859 3588 pone
900 3515 959 3567 te
1001 3505 1317 3585 ingrediar.
1402 3506 1674 3567 Cannu.
1718 3505 1914 3574 Quam
1954 3505 2350 3588 pertinaciter,
2397 3524 2434 3565 o
2471 3523 2752 3584 supreme

460 3604 711 3683 Jupiter,
731 3601 864 3661 hoec
885 3599 1140 3673 anicula,
1167 3600 1331 3661 velut
1356 3609 1640 3673 ostreum,
1675 3597 2040 3661 adolescenti
2081 3598 2470 3661 adhaerescit!
2529 3599 2752 3659 cnon.

457 3700 691 3773 (Deest
721 3696 903 3756 Cliors‘
926 3696 1282 3769 canticum.)

544 3792 713 3851 Can.
756 3788 906 3856 Quis
933 3798 1048 3859 est,
1076 3786 1178 3867 qui
1205 3785 1399 3866 pultat
1433 3784 1632 3847 fores?
1676 3784 1823 3864 quid
1847 3785 1964 3847 hoc
1989 3784 2127 3847 est?
2179 3802 2376 3857 nemo,
2401 3795 2472 3847 ut
2496 3785 2754 3861 videtur,

458 3884 689 3963 pultat:
737 3880 849 3941 sed
875 3879 1147 3941 nimirum
1170 3879 1446 3939 ostiolum
1466 3879 1553 3939 sic
1579 3888 1796 3939 temere
1825 3880 2022 3939 sonitu
2051 3877 2212 3939 edito
2241 3880 2445 3958 gemit.
2527 3878 2756 3939 Mane.

462 3976 615 4047 Tibi,
656 3973 762 4035 tibi
806 3974 1045 4054 inquam
1093 3971 1249 4045 dico,
1293 3972 1491 4044 Cario,
1539 3972 1764 4033 resiste.
1847 3970 2014 4033 Can.
2061 3972 2213 4047 Eho,
2251 3970 2351 4033 dic
2393 3970 2561 4044 mihi,
2603 3981 2752 4032 tune

461 4069 618 4129 sores
642 4068 918 4148 pultabas
946 4078 1069 4127 tam
1092 4064 1400 4146 improbe!
1481 4065 1702 4127 Mane.
1747 4064 1885 4125 Non
1912 4065 2134 4139 hercle,
2175 4065 2280 4126 sed
2319 4065 2440 4145 jam
2479 4064 2752 4145 pultatu·

462 4180 565 4222 rus
592 4179 789 4221 eram:
844 4160 1061 4220 deinde
1086 4160 1393 4239 occupasti
1420 4158 1666 4238 aperire.
1747 4156 1866 4219 Sed
1909 4158 2200 4219 curriculo
2239 4178 2406 4221 curre
2455 4172 2518 4219 et
2561 4174 2758 4218 evoca

462 4254 581 4315 huc
624 4254 848 4325 herum,
874 4252 1093 4314 deinde
1115 4272 1357 4313 uxorem
1385 4252 1511 4331 ejus
1536 4262 1598 4311 et
1623 4250 1862 4325 liberos,
1903 4251 2120 4315 deinde
2159 4261 2221 4311 et
2259 4252 2536 4324 famulos,
2577 4248 2752 4311 dein·

464 4346 542 4409 de
564 4365 792 4419 canem,
816 4344 1031 4406 deinde
1074 4357 1133 4406 te
1168 4346 1382 4427 ipsum,
1424 4342 1642 4405 deinde
1681 4364 1948 4424 porcum.
2030 4346 2198 4407 Can.
2241 4344 2356 4405 Dic
2399 4343 2564 4415 mihi,
2601 4341 2754 4421 qaid

460 4440 600 4502 est?
680 4439 899 4501 Mnnc.
937 4438 1189 4520 Jupiter,
1234 4459 1271 4500 o
1314 4436 1658 4511 miserrime,
1703 4438 1834 4499 vult
1879 4440 1938 4501 in
1989 4437 2197 4501 eodem
2251 4455 2359 4499 vos
2401 4436 2752 4498 commistos

462 4534 659 4597 catino
704 4532 1011 4598 universos
1063 4532 1127 4595 iu
1176 4531 1527 4597 Baratbrum
1572 4530 1828 4614 injicere.
1929 4532 2100 4597 Can.
2158 4528 2502 4593 Istiusmodi
2557 4544 2752 4591 rerum
