3059 5059
441 399 521 458 56
1192 389 1987 452 ARISTOPHANIS
2390 391 2751 474 [681-745

435 545 598 588 mum
627 523 910 596 esset,·si,
939 533 1006 582 ut
1031 521 1454 592 ΚΑΡΔΟΠΗ,
1484 519 1781 583 diceretur
1806 521 1985 582 etiarn
2018 519 2517 582 ΚΛΕΩΝΥΜΗ.
2598 521 2751 582 Soc.

437 619 736 680 Proeterea
761 617 837 677 de
869 615 1204 677 nominibus
1225 615 1532 675 hominum
1563 612 1791 674 discere
1817 624 1875 674 te
1900 633 2147 675 necesse
2174 624 2287 684 est,
2314 631 2591 694 quoenam
2629 612 2754 674 sint

435 711 788 782 masculina,
817 721 880 770 et
905 727 1040 788 quoe
1068 707 1372 768 feminina.
1455 707 1735 766 Srnnrs.
1775 705 1897 765 Sed
1927 706 2063 768 novi
2090 705 2367 784 equidem
2400 726 2539 785 quoe
2582 705 2750 766 semi·

437 806 579 866 nina
621 804 761 863 sint.
841 803 990 862 Soc.
1037 799 1152 861 Dic
1179 817 1346 876 ergo.
1429 799 1707 860 Sraars.
1764 799 2027 877 Lysillm
2056 799 2377 871 Philinum,
2412 798 2748 879 OEeagora,

437 898 766 959 Demetrio.
852 894 1000 955 Soc.
1044 891 1382 953 Masculina
1407 911 1549 952 vero
1580 893 1823 952 nomina
1850 911 1987 971 quae
2018 890 2201 951 sunt?
2280 893 2559 952 Srntrs.
2604 891 2749 954 Per·

433 1008 615 1068 quam
642 988 866 1048 multa:
911 986 1305 1058 Philoxenus,
1335 983 1639 1058 Meterius,
1668 984 1987 1064 Amynias.
2070 985 2218 1044 Soc.
2247 985 2454 1064 Atqui,
2480 1004 2519 1046 o
2542 984 2747 1058 stulte,

431 1081 566 1142 hoec
593 1100 714 1140 non
759 1089 904 1141 sunt
937 1078 1298 1139 masculina.
1380 1078 1661 1138 Srntrs.
1704 1077 1841 1136 Non
1884 1077 2219 1138 masculina
2260 1075 2421 1158 apud
2462 1096 2571 1137 vos
2612 1076 2746 1138 brec

433 1172 618 1234 sunt?
699 1173 846 1234 Soc.
891 1173 1312 1251 Nequaquam.
1355 1169 1511 1228 Nam
1554 1169 1857 1249 quomodo
1898 1188 2163 1238 vocares.
2206 1169 2259 1230 si
2309 1171 2371 1230 in
2428 1169 2745 1250 Amyniam

429 1265 773 1327 incideres?
853 1265 1128 1325 Srnnrs.
1174 1261 1489 1333 Quomodo
1517 1260 1842 1322 vocarem?
1884 1261 2011 1322 sic:
2056 1261 2237 1334 Ades,
2266 1263 2427 1337 ades,
2456 1263 2747 1342 Amyniae.

431 1359 582 1422 Soc.
625 1355 884 1420 Viden’l
923 1355 1224 1416 mulierem
1258 1355 1384 1436 jam
1445 1354 1763 1433 Amyniam
1818 1353 2109 1434 appellas.
2193 1355 2471 1418 Srnars.
2529 1354 2745 1416 Nonne

427 1451 596 1512 illum
642 1449 874 1523 merito,
921 1449 1026 1528 qui
1075 1447 1342 1508 militiam
1393 1445 1729 1507 detrectat?
1772 1447 1893 1506 Sed
1944 1447 2089 1526 quid
2120 1447 2297 1526 juvat
2336 1449 2453 1510 ista
2492 1447 2747 1521 discere,

429 1561 564 1622 quse
593 1561 801 1602 omnes
829 1540 1091 1602 scimus?
1173 1540 1322 1600 Soc.
1354 1539 1514 1599 Nihil
1545 1539 1787 1619 quidem
1810 1539 2032 1602 hercle.
2118 1539 2241 1600 Sed
2270 1553 2334 1602 tu
2379 1541 2745 1604 decumbens

429 1635 631 1696 huc—
709 1637 987 1696 Srnnrs.
1045 1633 1208 1704 Quid
1238 1632 1498 1692 faciam?
1584 1634 1731 1693 Soc.
1784 1633 2078 1711 Excogita
2106 1633 2411 1713 quidpiam
2445 1636 2607 1696 circa
2642 1655 2749 1696 ne-

429 1729 594 1809 gotia
619 1738 744 1788 tua.
829 1729 1108 1788 Srunrs.
1167 1725 1260 1785 Ne
1289 1745 1404 1794 me,
1433 1744 1666 1805 quaeso,
1694 1745 1873 1805 super
1913 1725 2029 1786 hoc
2072 1726 2361 1804 grabbato
2390 1726 2607 1806 jubeas
2634 1728 2747 1790 de·

427 1823 739 1884 cumbere:
773 1819 904 1895 sed,
933 1820 986 1880 si
1013 1820 1252 1880 omnino
1299 1817 1779 1878 decumbentium
1825 1830 1941 1890 est,
1979 1818 2141 1878 humi
2184 1817 2391 1880 eadem
2420 1821 2536 1882 ista
2576 1821 2744 1883 sinas

427 1934 524 1976 me
577 1913 938 1992 excogitare.
1038 1913 1184 1972 Soc.
1243 1911 1397 1971 Fieri
1449 1910 1623 1970 aliter
1671 1911 1897 1990 nequit.
2001 1911 2275 1972 Srntrs.
2340 1912 2553 1974 Infelix
2604 1931 2745 1994 ego,

425 2027 580 2088 quas
607 2005 786 2067 hodie
816 2023 1021 2085 poenas
1050 2003 1355 2064 cimicibus
1392 2001 1586 2063 dabo!
1670 2003 1813 2064 Soc.
1868 2002 2165 2063 Meditare
2196 2003 2323 2084 jam
2364 2016 2428 2066 et
2469 2002 2699 2088 dispice
2722 2024 2743 2067 τ

425 2100 486 2160 in
513 2119 718 2160 omnes
746 2110 948 2178 partes
977 2107 1036 2157 te
1065 2096 1258 2176 ipsum
1302 2114 1496 2168 versa,
1546 2105 1743 2157 mente
1786 2105 1947 2158 arcte
1991 2097 2349 2176 constipata.
2434 2097 2743 2172 Celeriter,

421 2212 610 2272 quum
637 2191 698 2252 in
729 2191 988 2270 aliquam
1017 2189 1428 2250 difficultatem
1457 2188 1763 2263 incideris,
1790 2189 1869 2250 ad
1914 2188 2074 2248 aliud
2125 2198 2525 2252 commentum
2576 2204 2738 2252 tran·

425 2287 560 2356 sili:
603 2303 849 2346 somnus
879 2293 1078 2344 autem
1103 2281 1298 2342 dulcis
1329 2281 1486 2342 absit
1513 2282 1591 2342 ab
1634 2281 1849 2342 oculis.
1935 2282 2215 2342 Srnzrs.
2270 2281 2528 2358 lattatae,
2562 2285 2739 2346 iatta·

423 2383 542 2440 toe!
619 2379 768 2440 Soc.
823 2375 987 2446 Quid
1015 2376 1122 2437 tibi
1151 2374 1414 2436 accidit?
1456 2374 1601 2456 quid
1634 2372 1787 2434 male
1822 2385 1881 2436 te
1922 2373 2149 2434 babet?
2232 2375 2509 2438 Srnars.
2551 2377 2739 2440 Pereo

424 2472 645 2533 miser:
694 2491 729 2533 e
755 2471 1042 2550 grabbato
1069 2479 1452 2549 prorepentes
1481 2468 1759 2530 mordent
1785 2487 1877 2528 me
1907 2467 2244 2539 cimices,et
2272 2469 2409 2529 mihi
2450 2468 2608 2530 latus
2644 2469 2741 2530 di·

423 2563 677 2636 laniant,
705 2575 770 2624 et
793 2563 1048 2622 animam
1079 2561 1346 2632 ebibunt,
1377 2571 1437 2621 et
1481 2559 1791 2622 testiculos
1831 2559 2113 2632 evellunt,
2142 2571 2205 2620 et
2253 2561 2453 2622 culum
2482 2563 2741 2642 perfodi·

423 2666 557 2730 unt,
584 2667 646 2717 et
671 2675 766 2716 me
793 2655 1074 2736 perdunt.
1155 2654 1306 2716 Soc.
1337 2653 1430 2713 Ne
1462 2673 1620 2714 nunc
1652 2653 1829 2712 nimis
1860 2654 2117 2733 graviter
2144 2652 2373 2716 doleas.
2456 2657 2737 2718 Srnnrs.

422 2751 505 2810 At
531 2748 874 2829 quomodo?
927 2748 1128 2818 Quum
1155 2747 1298 2807 mihi
1327 2748 1603 2826 perierint
1630 2766 1798 2826 opes,
1840 2746 2071 2828 perierit
2111 2747 2297 2820 color,
2332 2750 2566 2829 perierit
2606 2751 2739 2812 ani-

421 2861 542 2917 ma,
567 2841 807 2923 perierit
825 2841 1088 2914 calcenS,
1117 2850 1178 2900 et
1205 2840 1284 2900 ad
1311 2839 1441 2900 hoec
1463 2839 1625 2902 mala
1650 2841 1831 2902 etiam
1858 2840 2103 2922 pervigil
2133 2851 2388 2904 cantans
2424 2861 2737 2924 propemo-

421 2936 562 2998 dum
590 2936 758 3016 ipsus
783 2934 1075 3016 perierim.
1132 2935 1278 2995 Soc.
1311 2933 1478 2994 Heus
1499 2944 1587 3005 tu,
1608 2932 1753 3013 qnid
1779 2933 1908 3013 agis
1926 2932 1953 2993 ’.Ι
1974 2933 2401 3002 meditarisne?
2454 2935 2733 2998 Sruars.

422 3029 676 3109 Egone?
731 3027 1003 3100 meditor,
1028 3029 1110 3087 ita
1137 3046 1234 3090 me
1277 3027 1595 3108 Neptunus
1638 3037 1814 3086 amet.
1898 3026 2045 3088 Soc.
2094 3025 2255 3095 Quid
2298 3046 2439 3108 ergo
2484 3029 2733 3092 medita-

419 3130 520 3182 tus
547 3121 658 3182 cs?
741 3121 1017 3182 STnm’s.
1060 3120 1152 3179 An
1197 3119 1438 3179 cimices
1493 3117 1717 3198 aliquid
1776 3119 1853 3180 de
1904 3139 2001 3180 me
2050 3120 2173 3180 sint
2220 3120 2501 3184 relicturi.
2586 3124 2731 3186 Soc.

421 3214 650 3275 Peribis
687 3213 964 3293 pessime.
1049 3213 1326 3272 Sruzrs.
1387 3211 1530 3282 Sed,
1571 3231 1608 3271 o
1637 3213 1816 3284 bone,
1850 3213 1977 3293 jam
2020 3213 2189 3294 perii.
2276 3213 2418 3276 Soc.
2450 3217 2543 3276 Ne
2581 3216 2734 3276 mol·

416 3307 552 3368 liter
577 3319 745 3386 agas,
775 3305 884 3366 sed
913 3313 1094 3387 caput
1123 3304 1310 3384 operi.
1373 3303 1801 3368 Inveniendum
1832 3305 1989 3365 enim
2040 3317 2135 3366 est
2174 3319 2571 3368 commentum
2621 3307 2733 3371 de-

416 3399 865 3472 fraudatorium,
893 3407 954 3459 et
984 3397 1181 3478 aliqua
1233 3395 1449 3476 captio.
1538 3396 1813 3460 Snus.
1872 3398 2046 3458 Heu!
2098 3399 2237 3480 quis
2280 3399 2483 3480 itaque
2528 3401 2586 3462 in
2632 3420 2729 3464 me

415 3492 644 3572 injiciat
669 3511 702 3552 e
731 3489 984 3571 pellibus
1025 3490 1261 3570 agninis
1305 3502 1703 3552 commentum
1752 3490 2148 3572 privativum?
2230 3493 2379 3554 Soc.
2432 3493 2729 3574 Agedum,

415 3584 648 3646 videam
677 3583 864 3662 primo
894 3583 1038 3664 quid
1067 3595 1211 3662 agat
1237 3583 1372 3644 iste.
1421 3581 1553 3642 Eho
1592 3595 1675 3654 tu,
1706 3583 1975 3644 dormis?
2056 3584 2335 3646 Srnsrs.
2382 3586 2517 3646 Non
2562 3589 2729 3668 equi-

415 3677 552 3740 dem
592 3674 814 3738 hercle.
901 3676 1050 3738 Soc.
1108 3676 1392 3738 Habesne
1444 3675 1720 3755 aliquid?
1804 3677 2083 3740 Suara.
2116 3678 2345 3759 Edepol
2390 3679 2537 3740 nibil
2586 3701 2725 3762 ego.

414 3773 566 3834 Soc.
617 3770 782 3831 Nihil
807 3769 1095 3852 prorsus?
1178 3770 1460 3830 Srnzes.
1489 3769 1681 3842 Nihil,
1711 3770 1829 3830 nisi
1872 3789 2085 3850 penem
2110 3771 2295 3843 hunc,
2333 3793 2509 3852 quem
2549 3784 2725 3836 teneo

415 3863 646 3926 dextra.
690 3864 840 3924 Soc.
862 3864 1078 3924 Nonne
1103 3875 1164 3924 te
1185 3861 1537 3942 cooperiens
1556 3863 1723 3923 ocius
1746 3863 1975 3942 aliquid
2000 3863 2421 3926 meditaberis?
2448 3867 2729 3929 Sraars.

414 3956 552 4024 Qua
593 3956 671 4017 dc
711 3956 818 4017 re?
866 3955 983 4018 hoc
1020 3958 1200 4029 enim,
1248 3975 1478 4035 quaeso,
1523 3955 1625 4016 dic
1668 3956 1834 4029 mihi,
1888 3957 2188 4020 Socrates.
2270 3960 2419 4020 Soc.
2470 3960 2727 4041 Ipseinet

411 4049 574 4130 quod
601 4049 850 4129 primum
881 4049 1144 4109 invenire
1172 4049 1281 4122 vis,
1309 4048 1607 4128 eloquere.
1690 4050 1969 4112 STum’s.
2029 4050 2175 4112 Plus
2214 4051 2425 4114 millies
2464 4053 2723 4115 audivis-

411 4144 478 4216 ti,
505 4141 649 4222 quid
679 4161 796 4222 ego
837 4141 1056 4202 velime
1115 4140 1190 4201 de
1233 4141 1454 4214 usuris,
1509 4143 1775 4222 inquam,
1820 4163 1895 4204 ne
1948 4143 2086 4206 illas
2138 4147 2367 4208 solvam
2424 4147 2764 4229 cuiquam.-

413 4237 560 4296 Soc.
589 4235 864 4314 Agedum
891 4234 1199 4314 cooperias
1225 4245 1304 4309 te,
1332 4247 1394 4294 et
1421 4236 1634 4296 cohibe
1664 4237 1823 4317 apud
1867 4248 1927 4296 te
1966 4241 2389 4319 cogitationem
2418 4243 2727 4304 subtilem:

411 4329 744 4390 minutatim
766 4326 1079 4388 considera
1099 4348 1242 4400 rem,
1265 4339 1424 4390 recte
1445 4329 1719 4390 dividens
1741 4351 1869 4391 eam
1896 4344 1954 4392 et
1984 4333 2417 4414 contemplans.
2450 4338 2726 4398 Srnnrs.

415 4421 528 4482 Hei
555 4421 768 4483 miser!
853 4424 1000 4482 Soc.
1055 4421 1334 4493 Quiesce,
1356 4431 1418 4480 et
1443 4422 1493 4481 si
1525 4421 1674 4484 forte
1702 4425 2069 4487 haesitaveris
2100 4428 2159 4489 in
2190 4428 2391 4511 aliquo
2428 4448 2729 4490 commen·

410 4525 494 4587 to,
523 4514 724 4574 omitte
754 4527 814 4576 et
835 4517 918 4596 ab
945 4534 1017 4574 eo
1045 4512 1286 4576 discede
1312 4534 1330 4576 ι
1393 4514 1613 4576 deinde
1664 4517 2089 4598 cogitationem
2134 4540 2337 4582 rursus
2394 4540 2727 4595 commovss
