<?xml version="1.0" encoding="UTF-8"?>
<!DOCTYPE html PUBLIC "-//W3C//DTD XHTML 1.0 Transitional//EN"
    "http://www.w3.org/TR/xhtml1/DTD/xhtml1-transitional.dtd">
<html xmlns="http://www.w3.org/1999/xhtml" xml:lang="en" lang="en">
 <head>
  <title>
</title>
<meta http-equiv="Content-Type" content="text/html;charset=utf-8" />
  <meta name='ocr-system' content='tesseract 3.04.00' />
  <meta name='ocr-capabilities' content='ocr_page ocr_carea ocr_par ocr_line ocrx_word'/>
</head>
<body>
  <div class='ocr_page' id='page_1' title='image "./comdicumscholii00bekkgoog_0144.png"; bbox 0 0 3059 5059; ppageno 0'>
   <div class='ocr_carea' id='block_1_1' title="bbox 473 355 2764 436">
    <p class='ocr_par' dir='ltr' id='par_1_1' title="bbox 473 355 2764 436">
     <span class='ocr_line' id='line_1_1' title="bbox 473 355 2764 436; baseline -0.003 -16"><span class='ocrx_word' id='word_1_1' title='bbox 473 359 587 420; x_wconf 76' lang='lat'><strong>128</strong></span> <span class='ocrx_word' id='word_1_2' title='bbox 1196 355 1972 418; x_wconf 76' lang='lat' dir='ltr'>ARISTOPHANIS</span> <span class='ocrx_word' id='word_1_3' title='bbox 2413 355 2764 436; x_wconf 75' lang='lat'>[561-604</span> 
     </span>
    </p>
   </div>
   <div class='ocr_carea' id='block_1_2' title="bbox 453 483 2832 4572">
    <p class='ocr_par' dir='ltr' id='par_1_2' title="bbox 453 483 2832 4572">
     <span class='ocr_line' id='line_1_2' title="bbox 464 483 2768 566; baseline -0.003 -16"><span class='ocrx_word' id='word_1_4' title='bbox 464 485 914 566; x_wconf 84' lang='lat' dir='ltr'><strong>constringatis,</strong></span> <span class='ocrx_word' id='word_1_5' title='bbox 935 505 1011 546; x_wconf 85' lang='lat' dir='ltr'><strong>ne</strong></span> <span class='ocrx_word' id='word_1_6' title='bbox 1038 485 1293 566; x_wconf 84' lang='lat' dir='ltr'><strong>amplius</strong></span> <span class='ocrx_word' id='word_1_7' title='bbox 1332 485 1465 548; x_wconf 85' lang='lat' dir='ltr'><strong>illas</strong></span> <span class='ocrx_word' id='word_1_8' title='bbox 1515 485 1772 547; x_wconf 74' lang='lat' dir='ltr'><strong>futuant.</strong></span> <span class='ocrx_word' id='word_1_9' title='bbox 1856 484 1954 548; x_wconf 86' lang='lat' dir='ltr'><strong>Ad</strong></span> <span class='ocrx_word' id='word_1_10' title='bbox 2007 483 2278 546; x_wconf 84' lang='lat' dir='ltr'><strong>homines</strong></span> <span class='ocrx_word' id='word_1_11' title='bbox 2332 495 2530 546; x_wconf 82' lang='lat' dir='ltr'><strong>autem</strong></span> <span class='ocrx_word' id='word_1_12' title='bbox 2585 483 2768 544; x_wconf 87' lang='lat' dir='ltr'><strong>alium</strong></span> 
     </span>
     <span class='ocr_line' id='line_1_3' title="bbox 464 574 2832 660; baseline -0.004 -16"><span class='ocrx_word' id='word_1_13' title='bbox 464 580 665 644; x_wconf 84' lang='lat' dir='ltr'><strong>alitem</strong></span> <span class='ocrx_word' id='word_1_14' title='bbox 687 598 794 641; x_wconf 81' lang='lat' dir='ltr'><strong>vos</strong></span> <span class='ocrx_word' id='word_1_15' title='bbox 821 579 1053 640; x_wconf 88' lang='lat' dir='ltr'><strong>mittere</strong></span> <span class='ocrx_word' id='word_1_16' title='bbox 1076 577 1339 660; x_wconf 77' lang='lat' dir='ltr'><strong>legatum</strong></span> <span class='ocrx_word' id='word_1_17' title='bbox 1356 579 1564 659; x_wconf 88' lang='lat' dir='ltr'><strong>jubeo,</strong></span> <span class='ocrx_word' id='word_1_18' title='bbox 1590 589 1660 640; x_wconf 87' lang='lat' dir='ltr'><strong>ut</strong></span> <span class='ocrx_word' id='word_1_19' title='bbox 1699 577 1931 650; x_wconf 79' lang='lat' dir='ltr'><strong>avibus,</strong></span> <span class='ocrx_word' id='word_1_20' title='bbox 1971 587 2180 660; x_wconf 80' lang='lat' dir='ltr'><strong>utpote</strong></span> <span class='ocrx_word' id='word_1_21' title='bbox 2219 595 2466 658; x_wconf 72' lang='lat' dir='ltr'><strong>regnum</strong></span> <span class='ocrx_word' id='word_1_22' title='bbox 2507 574 2768 656; x_wconf 80' lang='lat' dir='ltr'><strong>adeptis,</strong></span> <span class='ocrx_word' id='word_1_23' title='bbox 2813 597 2832 622; x_wconf 73' lang='grc' dir='ltr'><strong><em>ο</em></strong></span> 
     </span>
     <span class='ocr_line' id='line_1_4' title="bbox 464 669 2771 750; baseline -0.005 -12"><span class='ocrx_word' id='word_1_24' title='bbox 464 693 637 738; x_wconf 75' lang='lat' dir='ltr'><strong>sactu</strong></span> <span class='ocrx_word' id='word_1_25' title='bbox 656 670 871 736; x_wconf 85' lang='lat' dir='ltr'><strong>dehinc</strong></span> <span class='ocrx_word' id='word_1_26' title='bbox 888 671 1131 746; x_wconf 84' lang='lat' dir='ltr'><strong>faciant,</strong></span> <span class='ocrx_word' id='word_1_27' title='bbox 1158 683 1221 734; x_wconf 87' lang='lat' dir='ltr'><strong>et</strong></span> <span class='ocrx_word' id='word_1_28' title='bbox 1248 671 1465 735; x_wconf 89' lang='lat' dir='ltr'><strong>deinde</strong></span> <span class='ocrx_word' id='word_1_29' title='bbox 1512 670 1750 734; x_wconf 89' lang='lat' dir='ltr'><strong>demum</strong></span> <span class='ocrx_word' id='word_1_30' title='bbox 1797 670 1948 733; x_wconf 89' lang='lat' dir='ltr'><strong>diis:</strong></span> <span class='ocrx_word' id='word_1_31' title='bbox 2005 670 2325 750; x_wconf 88' lang='lat' dir='ltr'><strong>unicuique</strong></span> <span class='ocrx_word' id='word_1_32' title='bbox 2372 687 2570 730; x_wconf 84' lang='lat' dir='ltr'><strong>autem</strong></span> <span class='ocrx_word' id='word_1_33' title='bbox 2619 669 2771 728; x_wconf 85' lang='lat' dir='ltr'><strong>deo·-</strong></span> 
     </span>
     <span class='ocr_line' id='line_1_5' title="bbox 464 761 2772 846; baseline -0.005 -16"><span class='ocrx_word' id='word_1_34' title='bbox 464 787 593 830; x_wconf 84' lang='lat' dir='ltr'><strong>rum</strong></span> <span class='ocrx_word' id='word_1_35' title='bbox 619 767 834 828; x_wconf 90' lang='lat' dir='ltr'><strong>decore</strong></span> <span class='ocrx_word' id='word_1_36' title='bbox 860 763 1193 846; x_wconf 78' lang='lat' dir='ltr'><strong>adjungant</strong></span> <span class='ocrx_word' id='word_1_37' title='bbox 1219 783 1389 826; x_wconf 84' lang='lat' dir='ltr'><strong>avem</strong></span> <span class='ocrx_word' id='word_1_38' title='bbox 1422 764 1702 845; x_wconf 87' lang='lat' dir='ltr'><strong>aliquam,</strong></span> <span class='ocrx_word' id='word_1_39' title='bbox 1730 775 1906 843; x_wconf 90' lang='lat' dir='ltr'><strong>prout</strong></span> <span class='ocrx_word' id='word_1_40' title='bbox 1925 763 2182 844; x_wconf 78' lang='lat' dir='ltr'><strong>singulae</strong></span> <span class='ocrx_word' id='word_1_41' title='bbox 2212 763 2465 842; x_wconf 78' lang='lat' dir='ltr'><strong>singulis</strong></span> <span class='ocrx_word' id='word_1_42' title='bbox 2486 761 2772 823; x_wconf 79' lang='lat' dir='ltr'><strong>conveni-</strong></span> 
     </span>
     <span class='ocr_line' id='line_1_6' title="bbox 463 853 2768 940; baseline -0.003 -19"><span class='ocrx_word' id='word_1_43' title='bbox 463 871 601 921; x_wconf 85' lang='lat' dir='ltr'><strong>ent:</strong></span> <span class='ocrx_word' id='word_1_44' title='bbox 653 859 869 920; x_wconf 80' lang='lat' dir='ltr'><strong>Veneri</strong></span> <span class='ocrx_word' id='word_1_45' title='bbox 896 859 946 920; x_wconf 88' lang='lat' dir='ltr'><strong>si</strong></span> <span class='ocrx_word' id='word_1_46' title='bbox 986 859 1124 939; x_wconf 89' lang='lat' dir='ltr'><strong>quis</strong></span> <span class='ocrx_word' id='word_1_47' title='bbox 1180 857 1383 932; x_wconf 81' lang='lat' dir='ltr'><strong>faciat,</strong></span> <span class='ocrx_word' id='word_1_48' title='bbox 1430 859 1523 920; x_wconf 81' lang='lat' dir='ltr'><strong>avi</strong></span> <span class='ocrx_word' id='word_1_49' title='bbox 1570 856 1860 940; x_wconf 68' lang='lat' dir='ltr'><strong>phalet-idi</strong></span> <span class='ocrx_word' id='word_1_50' title='bbox 1915 857 2172 918; x_wconf 87' lang='lat' dir='ltr'><strong>triticum</strong></span> <span class='ocrx_word' id='word_1_51' title='bbox 2219 855 2466 918; x_wconf 85' lang='lat' dir='ltr'><strong>offerat:</strong></span> <span class='ocrx_word' id='word_1_52' title='bbox 2521 856 2572 916; x_wconf 87' lang='lat' dir='ltr'><strong>si</strong></span> <span class='ocrx_word' id='word_1_53' title='bbox 2629 853 2768 935; x_wconf 85' lang='lat' dir='ltr'><strong>quis</strong></span> 
     </span>
     <span class='ocr_line' id='line_1_7' title="bbox 464 947 2770 1032; baseline -0.003 -18"><span class='ocrx_word' id='word_1_54' title='bbox 464 952 749 1032; x_wconf 81' lang='lat' dir='ltr'><strong>Neptuno</strong></span> <span class='ocrx_word' id='word_1_55' title='bbox 774 950 1065 1032; x_wconf 77' lang='lat' dir='ltr'>pecudem</span> <span class='ocrx_word' id='word_1_56' title='bbox 1094 950 1407 1025; x_wconf 84' lang='lat' dir='ltr'><strong>sacrificet,</strong></span> <span class='ocrx_word' id='word_1_57' title='bbox 1430 951 1686 1013; x_wconf 89' lang='lat' dir='ltr'><strong>triticum</strong></span> <span class='ocrx_word' id='word_1_58' title='bbox 1729 949 1891 1011; x_wconf 85' lang='lat' dir='ltr'><strong>anati</strong></span> <span class='ocrx_word' id='word_1_59' title='bbox 1931 959 2282 1011; x_wconf 87' lang='lat' dir='ltr'><strong>consecret:</strong></span> <span class='ocrx_word' id='word_1_60' title='bbox 2341 947 2584 1008; x_wconf 82' lang='lat' dir='ltr'>Herculi</span> <span class='ocrx_word' id='word_1_61' title='bbox 2625 965 2770 1008; x_wconf 83' lang='lat' dir='ltr'><strong>vero</strong></span> 
     </span>
     <span class='ocr_line' id='line_1_8' title="bbox 460 1039 2765 1128; baseline -0.003 -20"><span class='ocrx_word' id='word_1_62' title='bbox 460 1045 513 1108; x_wconf 91' lang='lat' dir='ltr'><strong>si</strong></span> <span class='ocrx_word' id='word_1_63' title='bbox 538 1047 771 1120; x_wconf 76' lang='lat' dir='ltr'><strong>bovem,</strong></span> <span class='ocrx_word' id='word_1_64' title='bbox 798 1063 1007 1126; x_wconf 77' lang='lat' dir='ltr'><strong>gaveae</strong></span> <span class='ocrx_word' id='word_1_65' title='bbox 1032 1044 1343 1128; x_wconf 85' lang='lat' dir='ltr'><strong>placentas</strong></span> <span class='ocrx_word' id='word_1_66' title='bbox 1368 1043 1517 1104; x_wconf 88' lang='lat' dir='ltr'><strong>libet</strong></span> <span class='ocrx_word' id='word_1_67' title='bbox 1539 1042 1832 1104; x_wconf 82' lang='lat' dir='ltr'><strong>mellitas:</strong></span> <span class='ocrx_word' id='word_1_68' title='bbox 1883 1043 1932 1104; x_wconf 91' lang='lat' dir='ltr'><strong>si</strong></span> <span class='ocrx_word' id='word_1_69' title='bbox 1960 1042 2096 1104; x_wconf 76' lang='lat' dir='ltr'><strong>Jovi</strong></span> <span class='ocrx_word' id='word_1_70' title='bbox 2137 1041 2404 1102; x_wconf 89' lang='lat' dir='ltr'><strong>immolet</strong></span> <span class='ocrx_word' id='word_1_71' title='bbox 2445 1041 2568 1120; x_wconf 78' lang='lat' dir='ltr'><strong>regi</strong></span> <span class='ocrx_word' id='word_1_72' title='bbox 2609 1039 2765 1100; x_wconf 86' lang='lat' dir='ltr'><strong>arie·</strong></span> 
     </span>
     <span class='ocr_line' id='line_1_9' title="bbox 458 1134 2766 1216; baseline -0.003 -16"><span class='ocrx_word' id='word_1_73' title='bbox 458 1147 601 1213; x_wconf 83' lang='lat' dir='ltr'><strong>tem,</strong></span> <span class='ocrx_word' id='word_1_74' title='bbox 626 1155 731 1200; x_wconf 85' lang='lat' dir='ltr'><strong>rex</strong></span> <span class='ocrx_word' id='word_1_75' title='bbox 755 1147 855 1199; x_wconf 86' lang='lat' dir='ltr'><strong>est</strong></span> <span class='ocrx_word' id='word_1_76' title='bbox 878 1137 1137 1200; x_wconf 85' lang='lat' dir='ltr'><strong>orchilus</strong></span> <span class='ocrx_word' id='word_1_77' title='bbox 1164 1137 1313 1210; x_wconf 86' lang='lat' dir='ltr'><strong>ales,</strong></span> <span class='ocrx_word' id='word_1_78' title='bbox 1338 1137 1435 1198; x_wconf 88' lang='lat' dir='ltr'><strong>cui</strong></span> <span class='ocrx_word' id='word_1_79' title='bbox 1472 1147 1616 1198; x_wconf 85' lang='lat' dir='ltr'><strong>ante</strong></span> <span class='ocrx_word' id='word_1_80' title='bbox 1660 1136 1854 1216; x_wconf 90' lang='lat' dir='ltr'><strong>ipsum</strong></span> <span class='ocrx_word' id='word_1_81' title='bbox 1898 1136 2107 1198; x_wconf 81' lang='lat' dir='ltr'><strong>Jovem</strong></span> <span class='ocrx_word' id='word_1_82' title='bbox 2152 1134 2329 1196; x_wconf 87' lang='lat' dir='ltr'><strong>decet</strong></span> <span class='ocrx_word' id='word_1_83' title='bbox 2370 1135 2620 1197; x_wconf 89' lang='lat' dir='ltr'><strong>culicem</strong></span> <span class='ocrx_word' id='word_1_84' title='bbox 2659 1153 2766 1195; x_wconf 86' lang='lat' dir='ltr'><strong>co-</strong></span> 
     </span>
     <span class='ocr_line' id='line_1_10' title="bbox 456 1227 2774 1312; baseline -0.002 -20"><span class='ocrx_word' id='word_1_85' title='bbox 456 1229 679 1294; x_wconf 86' lang='lat' dir='ltr'><strong>leatum</strong></span> <span class='ocrx_word' id='word_1_86' title='bbox 702 1241 984 1293; x_wconf 84' lang='lat' dir='ltr'><strong>mactare.</strong></span> <span class='ocrx_word' id='word_1_87' title='bbox 1068 1230 1279 1294; x_wconf 74' lang='lat' dir='ltr'><strong>Eum..</strong></span> <span class='ocrx_word' id='word_1_88' title='bbox 1304 1229 1622 1312; x_wconf 84' lang='lat' dir='ltr'><strong>Perplacet</strong></span> <span class='ocrx_word' id='word_1_89' title='bbox 1661 1228 1836 1292; x_wconf 81' lang='lat' dir='ltr'><strong>culex</strong></span> <span class='ocrx_word' id='word_1_90' title='bbox 1875 1229 1979 1290; x_wconf 90' lang='lat' dir='ltr'><strong>ille</strong></span> <span class='ocrx_word' id='word_1_91' title='bbox 2019 1239 2359 1290; x_wconf 87' lang='lat' dir='ltr'><strong>mactatus:</strong></span> <span class='ocrx_word' id='word_1_92' title='bbox 2411 1247 2572 1288; x_wconf 89' lang='lat' dir='ltr'><strong>nunc</strong></span> <span class='ocrx_word' id='word_1_93' title='bbox 2611 1227 2774 1288; x_wconf 88' lang='lat' dir='ltr'><strong>into·</strong></span> 
     </span>
     <span class='ocr_line' id='line_1_11' title="bbox 456 1320 2773 1406; baseline -0.003 -20"><span class='ocrx_word' id='word_1_94' title='bbox 456 1335 561 1386; x_wconf 90' lang='lat' dir='ltr'><strong>net</strong></span> <span class='ocrx_word' id='word_1_95' title='bbox 586 1343 841 1406; x_wconf 74' lang='lat' dir='ltr'><strong>magnus</strong></span> <span class='ocrx_word' id='word_1_96' title='bbox 861 1324 1050 1385; x_wconf 81' lang='lat' dir='ltr'><strong>Jovis.</strong></span> <span class='ocrx_word' id='word_1_97' title='bbox 1133 1324 1248 1387; x_wconf 77' lang='lat' dir='ltr'><strong>Er.</strong></span> <span class='ocrx_word' id='word_1_98' title='bbox 1281 1323 1515 1385; x_wconf 81' lang='lat' dir='ltr'><strong>Etenim</strong></span> <span class='ocrx_word' id='word_1_99' title='bbox 1545 1343 1666 1403; x_wconf 92' lang='lat' dir='ltr'><strong>quo</strong></span> <span class='ocrx_word' id='word_1_100' title='bbox 1687 1331 1864 1404; x_wconf 89' lang='lat' dir='ltr'><strong>pacto</strong></span> <span class='ocrx_word' id='word_1_101' title='bbox 1891 1341 2003 1383; x_wconf 90' lang='lat' dir='ltr'><strong>nos</strong></span> <span class='ocrx_word' id='word_1_102' title='bbox 2030 1321 2300 1383; x_wconf 89' lang='lat' dir='ltr'><strong>homines</strong></span> <span class='ocrx_word' id='word_1_103' title='bbox 2342 1320 2773 1382; x_wconf 83' lang='lat' dir='ltr'><strong>existimabunt</strong></span> 
     </span>
     <span class='ocr_line' id='line_1_12' title="bbox 456 1413 2774 1498; baseline -0.002 -20"><span class='ocrx_word' id='word_1_104' title='bbox 456 1435 591 1480; x_wconf 88' lang='lat' dir='ltr'><strong>esse</strong></span> <span class='ocrx_word' id='word_1_105' title='bbox 620 1415 787 1490; x_wconf 88' lang='lat' dir='ltr'><strong>deos,</strong></span> <span class='ocrx_word' id='word_1_106' title='bbox 814 1436 934 1477; x_wconf 88' lang='lat' dir='ltr'><strong>non</strong></span> <span class='ocrx_word' id='word_1_107' title='bbox 968 1435 1105 1478; x_wconf 78' lang='lat' dir='ltr'><strong>vero</strong></span> <span class='ocrx_word' id='word_1_108' title='bbox 1134 1415 1458 1498; x_wconf 71' lang='lat' dir='ltr'><strong>graculos?</strong></span> <span class='ocrx_word' id='word_1_109' title='bbox 1485 1417 1706 1497; x_wconf 91' lang='lat' dir='ltr'><strong>quippe</strong></span> <span class='ocrx_word' id='word_1_110' title='bbox 1725 1415 1828 1496; x_wconf 91' lang='lat' dir='ltr'><strong>qui</strong></span> <span class='ocrx_word' id='word_1_111' title='bbox 1852 1415 2142 1486; x_wconf 84' lang='lat' dir='ltr'><strong>volemus,</strong></span> <span class='ocrx_word' id='word_1_112' title='bbox 2169 1432 2517 1495; x_wconf 85' lang='lat' dir='ltr'><strong>pennasque</strong></span> <span class='ocrx_word' id='word_1_113' title='bbox 2545 1413 2774 1476; x_wconf 82' lang='lat' dir='ltr'><strong>babea-</strong></span> 
     </span>
     <span class='ocr_line' id='line_1_13' title="bbox 454 1505 2770 1590; baseline -0.002 -20"><span class='ocrx_word' id='word_1_114' title='bbox 454 1529 608 1570; x_wconf 90' lang='lat' dir='ltr'><strong>mus.</strong></span> <span class='ocrx_word' id='word_1_115' title='bbox 691 1509 926 1570; x_wconf 76' lang='lat' dir='ltr'><strong>Prsrn.</strong></span> <span class='ocrx_word' id='word_1_116' title='bbox 985 1509 1283 1590; x_wconf 77' lang='lat' dir='ltr'><strong>Nugaris:</strong></span> <span class='ocrx_word' id='word_1_117' title='bbox 1326 1529 1465 1570; x_wconf 88' lang='lat' dir='ltr'><strong>nam</strong></span> <span class='ocrx_word' id='word_1_118' title='bbox 1494 1509 1597 1590; x_wconf 88' lang='lat' dir='ltr'><strong>pol</strong></span> <span class='ocrx_word' id='word_1_119' title='bbox 1626 1518 1688 1570; x_wconf 89' lang='lat' dir='ltr'><strong>et</strong></span> <span class='ocrx_word' id='word_1_120' title='bbox 1729 1508 1858 1590; x_wconf 88' lang='lat' dir='ltr'><strong>ipse</strong></span> <span class='ocrx_word' id='word_1_121' title='bbox 1903 1507 2238 1570; x_wconf 87' lang='lat' dir='ltr'><strong>Mercurius</strong></span> <span class='ocrx_word' id='word_1_122' title='bbox 2285 1505 2470 1580; x_wconf 77' lang='lat' dir='ltr'><strong>volat,</strong></span> <span class='ocrx_word' id='word_1_123' title='bbox 2525 1505 2770 1568; x_wconf 85' lang='lat' dir='ltr'><strong>tametsi</strong></span> 
     </span>
     <span class='ocr_line' id='line_1_14' title="bbox 458 1598 2768 1682; baseline -0.001 -20"><span class='ocrx_word' id='word_1_124' title='bbox 458 1599 606 1662; x_wconf 86' lang='lat' dir='ltr'><strong>deus</strong></span> <span class='ocrx_word' id='word_1_125' title='bbox 636 1613 751 1676; x_wconf 75' lang='lat' dir='ltr'><strong>est,</strong></span> <span class='ocrx_word' id='word_1_126' title='bbox 778 1603 1028 1682; x_wconf 78' lang='lat' dir='ltr'><strong>alasque</strong></span> <span class='ocrx_word' id='word_1_127' title='bbox 1073 1602 1267 1681; x_wconf 78' lang='lat' dir='ltr'><strong>gerit:</strong></span> <span class='ocrx_word' id='word_1_128' title='bbox 1318 1602 1538 1682; x_wconf 90' lang='lat' dir='ltr'><strong>aliique</strong></span> <span class='ocrx_word' id='word_1_129' title='bbox 1585 1601 1790 1664; x_wconf 88' lang='lat' dir='ltr'><strong>itidem</strong></span> <span class='ocrx_word' id='word_1_130' title='bbox 1847 1599 1930 1662; x_wconf 90' lang='lat' dir='ltr'><strong>dii</strong></span> <span class='ocrx_word' id='word_1_131' title='bbox 1983 1599 2300 1680; x_wconf 82' lang='lat' dir='ltr'><strong>permulti:</strong></span> <span class='ocrx_word' id='word_1_132' title='bbox 2359 1611 2440 1672; x_wconf 86' lang='lat' dir='ltr'><strong>et,</strong></span> <span class='ocrx_word' id='word_1_133' title='bbox 2489 1609 2558 1660; x_wconf 88' lang='lat' dir='ltr'><strong>ut</strong></span> <span class='ocrx_word' id='word_1_134' title='bbox 2613 1598 2768 1660; x_wconf 85' lang='lat' dir='ltr'><strong>alios</strong></span> 
     </span>
     <span class='ocr_line' id='line_1_15' title="bbox 456 1691 2766 1768; baseline -0.001 -14"><span class='ocrx_word' id='word_1_135' title='bbox 456 1694 747 1768; x_wconf 86' lang='lat' dir='ltr'><strong>omittam,</strong></span> <span class='ocrx_word' id='word_1_136' title='bbox 776 1693 1043 1756; x_wconf 76' lang='lat' dir='ltr'><strong>Victoria</strong></span> <span class='ocrx_word' id='word_1_137' title='bbox 1066 1695 1231 1756; x_wconf 79' lang='lat' dir='ltr'><strong>volat</strong></span> <span class='ocrx_word' id='word_1_138' title='bbox 1257 1694 1453 1756; x_wconf 88' lang='lat' dir='ltr'><strong>aureis</strong></span> <span class='ocrx_word' id='word_1_139' title='bbox 1480 1695 1630 1762; x_wconf 83' lang='lat' dir='ltr'><strong>alis:</strong></span> <span class='ocrx_word' id='word_1_140' title='bbox 1662 1695 1842 1754; x_wconf 90' lang='lat' dir='ltr'><strong>immo</strong></span> <span class='ocrx_word' id='word_1_141' title='bbox 1868 1692 2070 1754; x_wconf 87' lang='lat' dir='ltr'><strong>hercle</strong></span> <span class='ocrx_word' id='word_1_142' title='bbox 2099 1698 2300 1754; x_wconf 77' lang='lat' dir='ltr'><strong>Amor.</strong></span> <span class='ocrx_word' id='word_1_143' title='bbox 2355 1691 2516 1761; x_wconf 88' lang='lat' dir='ltr'><strong>Quin</strong></span> <span class='ocrx_word' id='word_1_144' title='bbox 2548 1692 2766 1752; x_wconf 79' lang='lat' dir='ltr'>Itidem</span> 
     </span>
     <span class='ocr_line' id='line_1_16' title="bbox 458 1785 2770 1868; baseline -0.001 -22"><span class='ocrx_word' id='word_1_145' title='bbox 458 1787 754 1849; x_wconf 77' lang='lat' dir='ltr'><strong>Homerus</strong></span> <span class='ocrx_word' id='word_1_146' title='bbox 786 1787 1035 1848; x_wconf 89' lang='lat' dir='ltr'><strong>similem</strong></span> <span class='ocrx_word' id='word_1_147' title='bbox 1058 1807 1193 1848; x_wconf 88' lang='lat' dir='ltr'><strong>esse</strong></span> <span class='ocrx_word' id='word_1_148' title='bbox 1224 1785 1376 1847; x_wconf 83' lang='lat' dir='ltr'>dixit</span> <span class='ocrx_word' id='word_1_149' title='bbox 1415 1786 1668 1868; x_wconf 76' lang='lat' dir='ltr'><strong>trepidoe</strong></span> <span class='ocrx_word' id='word_1_150' title='bbox 1710 1785 2028 1847; x_wconf 65' lang='lat' dir='ltr'><strong>columbe.</strong></span> <span class='ocrx_word' id='word_1_151' title='bbox 2111 1785 2226 1846; x_wconf 69' lang='lat' dir='ltr'><strong>Er.</strong></span> <span class='ocrx_word' id='word_1_152' title='bbox 2271 1785 2490 1846; x_wconf 87' lang='lat' dir='ltr'><strong>Nonne</strong></span> <span class='ocrx_word' id='word_1_153' title='bbox 2529 1785 2770 1865; x_wconf 76' lang='lat' dir='ltr'>Jupiter</span> 
     </span>
     <span class='ocr_line' id='line_1_17' title="bbox 454 1876 2770 1960; baseline -0.001 -20"><span class='ocrx_word' id='word_1_154' title='bbox 454 1879 771 1954; x_wconf 76' lang='lat' dir='ltr'><strong>intonabit,</strong></span> <span class='ocrx_word' id='word_1_155' title='bbox 788 1878 1081 1960; x_wconf 80' lang='lat' dir='ltr'><strong>nobisque</strong></span> <span class='ocrx_word' id='word_1_156' title='bbox 1102 1879 1393 1958; x_wconf 84' lang='lat' dir='ltr'><strong>aligerum</strong></span> <span class='ocrx_word' id='word_1_157' title='bbox 1416 1878 1694 1940; x_wconf 84' lang='lat' dir='ltr'><strong>immittet</strong></span> <span class='ocrx_word' id='word_1_158' title='bbox 1711 1876 1979 1939; x_wconf 72' lang='lat' dir='ltr'><strong>fulmen?</strong></span> <span class='ocrx_word' id='word_1_159' title='bbox 2008 1878 2240 1940; x_wconf 73' lang='lat' dir='ltr'><strong>Prsrn.</strong></span> <span class='ocrx_word' id='word_1_160' title='bbox 2265 1879 2330 1938; x_wconf 92' lang='lat' dir='ltr'><strong>Si</strong></span> <span class='ocrx_word' id='word_1_161' title='bbox 2356 1889 2556 1939; x_wconf 87' lang='lat' dir='ltr'><strong>autem</strong></span> <span class='ocrx_word' id='word_1_162' title='bbox 2574 1877 2770 1939; x_wconf 87' lang='lat' dir='ltr'><strong>homi-</strong></span> 
     </span>
     <span class='ocr_line' id='line_1_18' title="bbox 454 1969 2770 2054; baseline 0 -21"><span class='ocrx_word' id='word_1_163' title='bbox 454 1991 565 2034; x_wconf 88' lang='lat' dir='ltr'><strong>nes</strong></span> <span class='ocrx_word' id='word_1_164' title='bbox 590 1992 715 2054; x_wconf 75' lang='lat' dir='ltr'><strong>proe</strong></span> <span class='ocrx_word' id='word_1_165' title='bbox 743 1972 982 2033; x_wconf 73' lang='lat' dir='ltr'><strong>inscitia</strong></span> <span class='ocrx_word' id='word_1_166' title='bbox 1008 1991 1113 2046; x_wconf 71' lang='lat' dir='ltr'><strong>yos</strong></span> <span class='ocrx_word' id='word_1_167' title='bbox 1152 1969 1396 2053; x_wconf 90' lang='lat' dir='ltr'><strong>quidem</strong></span> <span class='ocrx_word' id='word_1_168' title='bbox 1436 1971 1584 2032; x_wconf 86' lang='lat' dir='ltr'><strong>nihil</strong></span> <span class='ocrx_word' id='word_1_169' title='bbox 1635 1991 1772 2034; x_wconf 87' lang='lat' dir='ltr'><strong>esse</strong></span> <span class='ocrx_word' id='word_1_170' title='bbox 1821 1971 2119 2046; x_wconf 82' lang='lat' dir='ltr'><strong>duxerint,</strong></span> <span class='ocrx_word' id='word_1_171' title='bbox 2161 1971 2300 2032; x_wconf 87' lang='lat' dir='ltr'><strong>illos</strong></span> <span class='ocrx_word' id='word_1_172' title='bbox 2349 1991 2490 2033; x_wconf 79' lang='lat' dir='ltr'><strong>vero</strong></span> <span class='ocrx_word' id='word_1_173' title='bbox 2532 1982 2770 2034; x_wconf 89' lang='lat' dir='ltr'><strong>tantum</strong></span> 
     </span>
     <span class='ocr_line' id='line_1_19' title="bbox 455 2063 2766 2146; baseline 0 -20"><span class='ocrx_word' id='word_1_174' title='bbox 455 2064 624 2138; x_wconf 90' lang='lat' dir='ltr'><strong>deos,</strong></span> <span class='ocrx_word' id='word_1_175' title='bbox 645 2063 748 2143; x_wconf 89' lang='lat' dir='ltr'><strong>qui</strong></span> <span class='ocrx_word' id='word_1_176' title='bbox 770 2065 995 2126; x_wconf 88' lang='lat' dir='ltr'><strong>suntin</strong></span> <span class='ocrx_word' id='word_1_177' title='bbox 1023 2063 1303 2146; x_wconf 80' lang='lat' dir='ltr'><strong>Olympo.</strong></span> <span class='ocrx_word' id='word_1_178' title='bbox 1332 2075 1477 2126; x_wconf 89' lang='lat' dir='ltr'><strong>tunc</strong></span> <span class='ocrx_word' id='word_1_179' title='bbox 1505 2075 1741 2144; x_wconf 84' lang='lat' dir='ltr'><strong>oportet</strong></span> <span class='ocrx_word' id='word_1_180' title='bbox 1765 2083 2078 2146; x_wconf 76' lang='lat' dir='ltr'><strong>passerum</strong></span> <span class='ocrx_word' id='word_1_181' title='bbox 2103 2064 2766 2146; x_wconf 77' lang='lat' dir='ltr'><strong>seminilegularumque</strong></span> 
     </span>
     <span class='ocr_line' id='line_1_20' title="bbox 456 2155 2765 2238; baseline 0.001 -20"><span class='ocrx_word' id='word_1_182' title='bbox 456 2155 868 2218; x_wconf 77' lang='lat' dir='ltr'><strong>subvolantem</strong></span> <span class='ocrx_word' id='word_1_183' title='bbox 909 2157 1148 2231; x_wconf 89' lang='lat' dir='ltr'><strong>nubem,</strong></span> <span class='ocrx_word' id='word_1_184' title='bbox 1191 2177 1395 2220; x_wconf 85' lang='lat' dir='ltr'><strong>eorum</strong></span> <span class='ocrx_word' id='word_1_185' title='bbox 1422 2178 1500 2221; x_wconf 85' lang='lat' dir='ltr'><strong>ex</strong></span> <span class='ocrx_word' id='word_1_186' title='bbox 1526 2159 1690 2238; x_wconf 81' lang='lat' dir='ltr'><strong>agris</strong></span> <span class='ocrx_word' id='word_1_187' title='bbox 1732 2157 2068 2218; x_wconf 82' lang='lat' dir='ltr'><strong>sublectum</strong></span> <span class='ocrx_word' id='word_1_188' title='bbox 2117 2177 2320 2218; x_wconf 84' lang='lat' dir='ltr'><strong>semen</strong></span> <span class='ocrx_word' id='word_1_189' title='bbox 2373 2176 2722 2220; x_wconf 79' lang='lat' dir='ltr'><strong>consumere</strong></span> <span class='ocrx_word' id='word_1_190' title='bbox 2743 2179 2765 2220; x_wconf 67' lang='grc' dir='ltr'><strong>ι</strong></span> 
     </span>
     <span class='ocr_line' id='line_1_21' title="bbox 455 2249 2768 2328; baseline 0.003 -19"><span class='ocrx_word' id='word_1_191' title='bbox 455 2260 583 2310; x_wconf 87' lang='lat' dir='ltr'><strong>tum</strong></span> <span class='ocrx_word' id='word_1_192' title='bbox 610 2249 755 2328; x_wconf 87' lang='lat' dir='ltr'><strong>ipsis</strong></span> <span class='ocrx_word' id='word_1_193' title='bbox 785 2249 967 2310; x_wconf 89' lang='lat' dir='ltr'><strong>Ceres</strong></span> <span class='ocrx_word' id='word_1_194' title='bbox 1006 2251 1411 2312; x_wconf 73' lang='lat' dir='ltr'><strong>esurientibus</strong></span> <span class='ocrx_word' id='word_1_195' title='bbox 1458 2251 1721 2312; x_wconf 88' lang='lat' dir='ltr'><strong>triticum</strong></span> <span class='ocrx_word' id='word_1_196' title='bbox 1761 2250 2098 2312; x_wconf 77' lang='lat' dir='ltr'><strong>distribuat.</strong></span> <span class='ocrx_word' id='word_1_197' title='bbox 2183 2250 2392 2312; x_wconf 74' lang='lat' dir='ltr'><strong>Eum..</strong></span> <span class='ocrx_word' id='word_1_198' title='bbox 2434 2252 2517 2313; x_wconf 76' lang='lat' dir='ltr'><strong>At</strong></span> <span class='ocrx_word' id='word_1_199' title='bbox 2565 2251 2768 2316; x_wconf 83' lang='lat' dir='ltr'><strong>hercle</strong></span> 
     </span>
     <span class='ocr_line' id='line_1_22' title="bbox 454 2341 2764 2424; baseline 0.001 -19"><span class='ocrx_word' id='word_1_200' title='bbox 454 2341 777 2416; x_wconf 70' lang='lat' dir='ltr'><strong>recusabit,</strong></span> <span class='ocrx_word' id='word_1_201' title='bbox 828 2343 1139 2423; x_wconf 88' lang='lat' dir='ltr'><strong>ipsamque</strong></span> <span class='ocrx_word' id='word_1_202' title='bbox 1182 2342 1411 2404; x_wconf 80' lang='lat' dir='ltr'><strong>videbis</strong></span> <span class='ocrx_word' id='word_1_203' title='bbox 1474 2361 1694 2405; x_wconf 88' lang='lat' dir='ltr'><strong>causas</strong></span> <span class='ocrx_word' id='word_1_204' title='bbox 1731 2343 2224 2424; x_wconf 58' lang='lat' dir='ltr'><strong>praetendentem.</strong></span> <span class='ocrx_word' id='word_1_205' title='bbox 2304 2344 2539 2405; x_wconf 64' lang='lat' dir='ltr'><strong>Pras-11.</strong></span> <span class='ocrx_word' id='word_1_206' title='bbox 2580 2344 2764 2408; x_wconf 83' lang='lat' dir='ltr'><strong>Corvi</strong></span> 
     </span>
     <span class='ocr_line' id='line_1_23' title="bbox 456 2434 2766 2516; baseline 0.002 -22"><span class='ocrx_word' id='word_1_207' title='bbox 456 2434 662 2497; x_wconf 88' lang='lat' dir='ltr'><strong>itidem</strong></span> <span class='ocrx_word' id='word_1_208' title='bbox 682 2434 1109 2515; x_wconf 86' lang='lat' dir='ltr'><strong>jumentorum,</strong></span> <span class='ocrx_word' id='word_1_209' title='bbox 1134 2436 1353 2516; x_wconf 85' lang='lat' dir='ltr'><strong>quibus</strong></span> <span class='ocrx_word' id='word_1_210' title='bbox 1380 2446 1598 2496; x_wconf 87' lang='lat' dir='ltr'><strong>terram</strong></span> <span class='ocrx_word' id='word_1_211' title='bbox 1628 2446 1818 2510; x_wconf 86' lang='lat' dir='ltr'><strong>arant,</strong></span> <span class='ocrx_word' id='word_1_212' title='bbox 1847 2435 2265 2516; x_wconf 83' lang='lat' dir='ltr'><strong>pecudumque</strong></span> <span class='ocrx_word' id='word_1_213' title='bbox 2305 2435 2512 2498; x_wconf 82' lang='lat' dir='ltr'><strong>oculos</strong></span> <span class='ocrx_word' id='word_1_214' title='bbox 2553 2436 2766 2500; x_wconf 82' lang='lat' dir='ltr'><strong>effodi-</strong></span> 
     </span>
     <span class='ocr_line' id='line_1_24' title="bbox 458 2527 2764 2610; baseline 0.002 -22"><span class='ocrx_word' id='word_1_215' title='bbox 458 2537 584 2602; x_wconf 88' lang='lat' dir='ltr'><strong>ant,</strong></span> <span class='ocrx_word' id='word_1_216' title='bbox 607 2537 675 2588; x_wconf 87' lang='lat' dir='ltr'><strong>ut</strong></span> <span class='ocrx_word' id='word_1_217' title='bbox 699 2527 1080 2609; x_wconf 84' lang='lat' dir='ltr'><strong>experiantur</strong></span> <span class='ocrx_word' id='word_1_218' title='bbox 1105 2547 1181 2588; x_wconf 91' lang='lat' dir='ltr'><strong>an</strong></span> <span class='ocrx_word' id='word_1_219' title='bbox 1211 2527 1295 2588; x_wconf 90' lang='lat' dir='ltr'><strong>dii</strong></span> <span class='ocrx_word' id='word_1_220' title='bbox 1323 2527 1453 2589; x_wconf 86' lang='lat' dir='ltr'><strong>sitis</strong></span> <span class='ocrx_word' id='word_1_221' title='bbox 1476 2549 1503 2590; x_wconf 76' lang='lat'><strong>:-</strong></span> <span class='ocrx_word' id='word_1_222' title='bbox 1551 2537 1679 2588; x_wconf 90' lang='lat' dir='ltr'><strong>tum</strong></span> <span class='ocrx_word' id='word_1_223' title='bbox 1717 2527 1863 2608; x_wconf 91' lang='lat' dir='ltr'><strong>ipsis</strong></span> <span class='ocrx_word' id='word_1_224' title='bbox 1903 2527 2146 2610; x_wconf 86' lang='lat' dir='ltr'><strong>Apollo,</strong></span> <span class='ocrx_word' id='word_1_225' title='bbox 2190 2530 2290 2609; x_wconf 91' lang='lat' dir='ltr'><strong>qui</strong></span> <span class='ocrx_word' id='word_1_226' title='bbox 2333 2529 2601 2594; x_wconf 89' lang='lat' dir='ltr'><strong>medicus</strong></span> <span class='ocrx_word' id='word_1_227' title='bbox 2646 2543 2764 2606; x_wconf 87' lang='lat' dir='ltr'><strong>est,</strong></span> 
     </span>
     <span class='ocr_line' id='line_1_25' title="bbox 456 2620 2762 2702; baseline 0.002 -21"><span class='ocrx_word' id='word_1_228' title='bbox 456 2621 801 2684; x_wconf 82' lang='lat' dir='ltr'><strong>medeatur:</strong></span> <span class='ocrx_word' id='word_1_229' title='bbox 852 2640 1093 2702; x_wconf 84' lang='lat' dir='ltr'><strong>operam</strong></span> <span class='ocrx_word' id='word_1_230' title='bbox 1120 2621 1281 2682; x_wconf 90' lang='lat' dir='ltr'><strong>enim</strong></span> <span class='ocrx_word' id='word_1_231' title='bbox 1304 2620 1581 2682; x_wconf 88' lang='lat' dir='ltr'><strong>mercede</strong></span> <span class='ocrx_word' id='word_1_232' title='bbox 1613 2620 1794 2682; x_wconf 89' lang='lat' dir='ltr'><strong>locat.</strong></span> <span class='ocrx_word' id='word_1_233' title='bbox 1879 2620 2089 2683; x_wconf 75' lang='lat' dir='ltr'><strong>Eunt..</strong></span> <span class='ocrx_word' id='word_1_234' title='bbox 2131 2621 2319 2684; x_wconf 87' lang='lat' dir='ltr'><strong>Modo</strong></span> <span class='ocrx_word' id='word_1_235' title='bbox 2359 2623 2476 2684; x_wconf 88' lang='lat' dir='ltr'><strong>hoc</strong></span> <span class='ocrx_word' id='word_1_236' title='bbox 2514 2645 2593 2685; x_wconf 90' lang='lat' dir='ltr'><strong>ne</strong></span> <span class='ocrx_word' id='word_1_237' title='bbox 2632 2626 2762 2700; x_wconf 81' lang='lat' dir='ltr'><strong>fiat,</strong></span> 
     </span>
     <span class='ocr_line' id='line_1_26' title="bbox 457 2713 2764 2797; baseline 0.001 -20"><span class='ocrx_word' id='word_1_238' title='bbox 457 2726 776 2795; x_wconf 88' lang='lat' dir='ltr'><strong>antequam</strong></span> <span class='ocrx_word' id='word_1_239' title='bbox 803 2733 909 2796; x_wconf 89' lang='lat' dir='ltr'><strong>par</strong></span> <span class='ocrx_word' id='word_1_240' title='bbox 937 2713 1101 2796; x_wconf 86' lang='lat' dir='ltr'><strong>quod</strong></span> <span class='ocrx_word' id='word_1_241' title='bbox 1121 2713 1317 2776; x_wconf 87' lang='lat' dir='ltr'><strong>habeo</strong></span> <span class='ocrx_word' id='word_1_242' title='bbox 1343 2713 1698 2775; x_wconf 87' lang='lat' dir='ltr'><strong>buculorum</strong></span> <span class='ocrx_word' id='word_1_243' title='bbox 1749 2713 1999 2797; x_wconf 89' lang='lat' dir='ltr'><strong>primum</strong></span> <span class='ocrx_word' id='word_1_244' title='bbox 2049 2714 2439 2777; x_wconf 80' lang='lat' dir='ltr'><strong>vendiderim.</strong></span> <span class='ocrx_word' id='word_1_245' title='bbox 2522 2718 2764 2780; x_wconf 73' lang='lat' dir='ltr'><strong>Prsrn.</strong></span> 
     </span>
     <span class='ocr_line' id='line_1_27' title="bbox 455 2807 2764 2887; baseline 0.001 -17"><span class='ocrx_word' id='word_1_246' title='bbox 455 2810 543 2872; x_wconf 89' lang='lat' dir='ltr'><strong>Te</strong></span> <span class='ocrx_word' id='word_1_247' title='bbox 583 2827 723 2870; x_wconf 81' lang='lat' dir='ltr'><strong>vero</strong></span> <span class='ocrx_word' id='word_1_248' title='bbox 772 2808 824 2868; x_wconf 86' lang='lat' dir='ltr'><strong>si</strong></span> <span class='ocrx_word' id='word_1_249' title='bbox 869 2807 1095 2870; x_wconf 88' lang='lat' dir='ltr'><strong>ducant</strong></span> <span class='ocrx_word' id='word_1_250' title='bbox 1140 2827 1277 2870; x_wconf 89' lang='lat' dir='ltr'><strong>esse</strong></span> <span class='ocrx_word' id='word_1_251' title='bbox 1321 2807 1527 2884; x_wconf 89' lang='lat' dir='ltr'><strong>deum,</strong></span> <span class='ocrx_word' id='word_1_252' title='bbox 1567 2818 1628 2868; x_wconf 88' lang='lat' dir='ltr'><strong>te</strong></span> <span class='ocrx_word' id='word_1_253' title='bbox 1663 2808 1866 2882; x_wconf 86' lang='lat' dir='ltr'><strong>vitam,</strong></span> <span class='ocrx_word' id='word_1_254' title='bbox 1907 2818 1970 2868; x_wconf 91' lang='lat' dir='ltr'><strong>te</strong></span> <span class='ocrx_word' id='word_1_255' title='bbox 2009 2808 2272 2883; x_wconf 87' lang='lat' dir='ltr'><strong>Terram,</strong></span> <span class='ocrx_word' id='word_1_256' title='bbox 2313 2819 2374 2872; x_wconf 85' lang='lat' dir='ltr'><strong>te</strong></span> <span class='ocrx_word' id='word_1_257' title='bbox 2417 2811 2764 2887; x_wconf 84' lang='lat' dir='ltr'><strong>Saturnum,</strong></span> 
     </span>
     <span class='ocr_line' id='line_1_28' title="bbox 454 2900 2762 2984; baseline 0.001 -20"><span class='ocrx_word' id='word_1_258' title='bbox 454 2913 517 2964; x_wconf 87' lang='lat' dir='ltr'><strong>te</strong></span> <span class='ocrx_word' id='word_1_259' title='bbox 561 2903 929 2984; x_wconf 86' lang='lat' dir='ltr'><strong>Neptunum,</strong></span> <span class='ocrx_word' id='word_1_260' title='bbox 980 2901 1253 2963; x_wconf 88' lang='lat' dir='ltr'><strong>omnibus</strong></span> <span class='ocrx_word' id='word_1_261' title='bbox 1306 2900 1403 2962; x_wconf 85' lang='lat' dir='ltr'><strong>illi.</strong></span> <span class='ocrx_word' id='word_1_262' title='bbox 1448 2903 1624 2962; x_wconf 88' lang='lat' dir='ltr'><strong>rebus</strong></span> <span class='ocrx_word' id='word_1_263' title='bbox 1681 2901 1855 2962; x_wconf 88' lang='lat' dir='ltr'><strong>bonis</strong></span> <span class='ocrx_word' id='word_1_264' title='bbox 1906 2901 2172 2963; x_wconf 84' lang='lat' dir='ltr'><strong>affluent.</strong></span> <span class='ocrx_word' id='word_1_265' title='bbox 2256 2901 2372 2964; x_wconf 74' lang='lat' dir='ltr'><strong>Er.</strong></span> <span class='ocrx_word' id='word_1_266' title='bbox 2417 2903 2530 2964; x_wconf 86' lang='lat' dir='ltr'><strong>Vel</strong></span> <span class='ocrx_word' id='word_1_267' title='bbox 2579 2923 2762 2966; x_wconf 88' lang='lat' dir='ltr'><strong>unum</strong></span> 
     </span>
     <span class='ocr_line' id='line_1_29' title="bbox 458 2993 2764 3077; baseline 0.001 -21"><span class='ocrx_word' id='word_1_268' title='bbox 458 2996 603 3057; x_wconf 89' lang='lat' dir='ltr'><strong>mihi</strong></span> <span class='ocrx_word' id='word_1_269' title='bbox 628 2995 875 3058; x_wconf 87' lang='lat' dir='ltr'><strong>istorum</strong></span> <span class='ocrx_word' id='word_1_270' title='bbox 920 2995 1365 3058; x_wconf 88' lang='lat' dir='ltr'><strong>commodorum</strong></span> <span class='ocrx_word' id='word_1_271' title='bbox 1412 3013 1695 3057; x_wconf 87' lang='lat' dir='ltr'><strong>memora.</strong></span> <span class='ocrx_word' id='word_1_272' title='bbox 1779 2993 2014 3057; x_wconf 77' lang='lat' dir='ltr'><strong>Prsrn.</strong></span> <span class='ocrx_word' id='word_1_273' title='bbox 2066 2995 2328 3057; x_wconf 90' lang='lat' dir='ltr'><strong>Primum</strong></span> <span class='ocrx_word' id='word_1_274' title='bbox 2366 2995 2606 3077; x_wconf 89' lang='lat' dir='ltr'><strong>quidem</strong></span> <span class='ocrx_word' id='word_1_275' title='bbox 2645 2997 2764 3060; x_wconf 85' lang='lat' dir='ltr'><strong>illis</strong></span> 
     </span>
     <span class='ocr_line' id='line_1_30' title="bbox 454 3088 2764 3171; baseline 0.001 -20"><span class='ocrx_word' id='word_1_276' title='bbox 454 3090 662 3152; x_wconf 77' lang='lat' dir='ltr'><strong>vitium</strong></span> <span class='ocrx_word' id='word_1_277' title='bbox 688 3091 890 3152; x_wconf 87' lang='lat' dir='ltr'><strong>florem</strong></span> <span class='ocrx_word' id='word_1_278' title='bbox 919 3091 1170 3152; x_wconf 78' lang='lat' dir='ltr'><strong>locustoe</strong></span> <span class='ocrx_word' id='word_1_279' title='bbox 1216 3109 1337 3150; x_wconf 92' lang='lat' dir='ltr'><strong>non</strong></span> <span class='ocrx_word' id='word_1_280' title='bbox 1392 3088 1828 3171; x_wconf 77' lang='lat' dir='ltr'><strong>depascentur:</strong></span> <span class='ocrx_word' id='word_1_281' title='bbox 1871 3108 2008 3150; x_wconf 87' lang='lat' dir='ltr'><strong>nam</strong></span> <span class='ocrx_word' id='word_1_282' title='bbox 2058 3088 2240 3150; x_wconf 87' lang='lat' dir='ltr'><strong>unica</strong></span> <span class='ocrx_word' id='word_1_283' title='bbox 2295 3101 2644 3152; x_wconf 88' lang='lat' dir='ltr'><strong>noctuarum</strong></span> <span class='ocrx_word' id='word_1_284' title='bbox 2699 3101 2764 3153; x_wconf 83' lang='lat' dir='ltr'><strong>et</strong></span> 
     </span>
     <span class='ocr_line' id='line_1_31' title="bbox 456 3181 2760 3264; baseline 0 -20"><span class='ocrx_word' id='word_1_285' title='bbox 456 3183 705 3264; x_wconf 82' lang='lat' dir='ltr'><strong>strigum</strong></span> <span class='ocrx_word' id='word_1_286' title='bbox 733 3193 929 3244; x_wconf 88' lang='lat' dir='ltr'><strong>turma</strong></span> <span class='ocrx_word' id='word_1_287' title='bbox 953 3203 1057 3244; x_wconf 90' lang='lat' dir='ltr'><strong>eas</strong></span> <span class='ocrx_word' id='word_1_288' title='bbox 1084 3185 1399 3250; x_wconf 78' lang='lat' dir='ltr'><strong>absumet:</strong></span> <span class='ocrx_word' id='word_1_289' title='bbox 1442 3181 1660 3243; x_wconf 86' lang='lat' dir='ltr'><strong>deinde</strong></span> <span class='ocrx_word' id='word_1_290' title='bbox 1687 3201 1808 3242; x_wconf 89' lang='lat' dir='ltr'><strong>non</strong></span> <span class='ocrx_word' id='word_1_291' title='bbox 1837 3191 2089 3263; x_wconf 87' lang='lat' dir='ltr'><strong>pergent</strong></span> <span class='ocrx_word' id='word_1_292' title='bbox 2113 3181 2334 3244; x_wconf 86' lang='lat' dir='ltr'><strong>culices</strong></span> <span class='ocrx_word' id='word_1_293' title='bbox 2361 3195 2424 3244; x_wconf 91' lang='lat' dir='ltr'><strong>et</strong></span> <span class='ocrx_word' id='word_1_294' title='bbox 2459 3183 2760 3246; x_wconf 81' lang='lat' dir='ltr'><strong>vermiculi</strong></span> 
     </span>
     <span class='ocr_line' id='line_1_32' title="bbox 453 3275 2760 3356; baseline -0.001 -16"><span class='ocrx_word' id='word_1_295' title='bbox 453 3279 603 3340; x_wconf 83' lang='lat' dir='ltr'><strong>ficus</strong></span> <span class='ocrx_word' id='word_1_296' title='bbox 640 3277 934 3339; x_wconf 83' lang='lat' dir='ltr'><strong>exedere:</strong></span> <span class='ocrx_word' id='word_1_297' title='bbox 977 3277 1085 3337; x_wconf 88' lang='lat' dir='ltr'><strong>sed</strong></span> <span class='ocrx_word' id='word_1_298' title='bbox 1117 3277 1275 3338; x_wconf 89' lang='lat' dir='ltr'><strong>enim</strong></span> <span class='ocrx_word' id='word_1_299' title='bbox 1302 3293 1405 3337; x_wconf 89' lang='lat' dir='ltr'><strong>eos</strong></span> <span class='ocrx_word' id='word_1_300' title='bbox 1436 3295 1646 3336; x_wconf 86' lang='lat' dir='ltr'><strong>omnes</strong></span> <span class='ocrx_word' id='word_1_301' title='bbox 1674 3295 1946 3355; x_wconf 88' lang='lat' dir='ltr'><strong>prorsum</strong></span> <span class='ocrx_word' id='word_1_302' title='bbox 1974 3275 2244 3356; x_wconf 85' lang='lat' dir='ltr'><strong>subleget</strong></span> <span class='ocrx_word' id='word_1_303' title='bbox 2269 3295 2424 3338; x_wconf 89' lang='lat' dir='ltr'><strong>unus</strong></span> <span class='ocrx_word' id='word_1_304' title='bbox 2451 3275 2760 3338; x_wconf 87' lang='lat' dir='ltr'><strong>turdorum</strong></span> 
     </span>
     <span class='ocr_line' id='line_1_33' title="bbox 456 3368 2762 3452; baseline 0.001 -21"><span class='ocrx_word' id='word_1_305' title='bbox 456 3390 621 3452; x_wconf 84' lang='lat' dir='ltr'><strong>grex.</strong></span> <span class='ocrx_word' id='word_1_306' title='bbox 706 3371 821 3432; x_wconf 71' lang='lat' dir='ltr'><strong>Er.</strong></span> <span class='ocrx_word' id='word_1_307' title='bbox 874 3369 1126 3432; x_wconf 82' lang='lat' dir='ltr'><strong>Divitias</strong></span> <span class='ocrx_word' id='word_1_308' title='bbox 1170 3379 1369 3430; x_wconf 85' lang='lat' dir='ltr'><strong>autem</strong></span> <span class='ocrx_word' id='word_1_309' title='bbox 1410 3369 1576 3430; x_wconf 90' lang='lat' dir='ltr'><strong>unde</strong></span> <span class='ocrx_word' id='word_1_310' title='bbox 1617 3368 1891 3430; x_wconf 87' lang='lat' dir='ltr'><strong>dabimus</strong></span> <span class='ocrx_word' id='word_1_311' title='bbox 1933 3368 2065 3430; x_wconf 76' lang='lat' dir='ltr'><strong>eis?</strong></span> <span class='ocrx_word' id='word_1_312' title='bbox 2105 3369 2251 3430; x_wconf 90' lang='lat' dir='ltr'><strong>illud</strong></span> <span class='ocrx_word' id='word_1_313' title='bbox 2295 3371 2454 3432; x_wconf 88' lang='lat' dir='ltr'><strong>enim</strong></span> <span class='ocrx_word' id='word_1_314' title='bbox 2493 3371 2762 3451; x_wconf 83' lang='lat' dir='ltr'><strong>inprimis</strong></span> 
     </span>
     <span class='ocr_line' id='line_1_34' title="bbox 458 3461 2768 3526; baseline -0 0"><span class='ocrx_word' id='word_1_315' title='bbox 458 3473 682 3526; x_wconf 87' lang='lat' dir='ltr'><strong>amant.</strong></span> <span class='ocrx_word' id='word_1_316' title='bbox 766 3463 997 3524; x_wconf 76' lang='lat' dir='ltr'><strong>szrn.</strong></span> <span class='ocrx_word' id='word_1_317' title='bbox 1029 3463 1496 3525; x_wconf 86' lang='lat' dir='ltr'><strong>Consulentibus</strong></span> <span class='ocrx_word' id='word_1_318' title='bbox 1522 3462 1644 3524; x_wconf 89' lang='lat' dir='ltr'><strong>illis</strong></span> <span class='ocrx_word' id='word_1_319' title='bbox 1675 3481 1814 3524; x_wconf 78' lang='lat' dir='ltr'><strong>aves</strong></span> <span class='ocrx_word' id='word_1_320' title='bbox 1843 3462 2010 3523; x_wconf 72' lang='lat' dir='ltr'><strong>htece</strong></span> <span class='ocrx_word' id='word_1_321' title='bbox 2041 3461 2502 3526; x_wconf 81' lang='lat' dir='ltr'><strong>metallifodinas</strong></span> <span class='ocrx_word' id='word_1_322' title='bbox 2533 3463 2768 3525; x_wconf 88' lang='lat' dir='ltr'><strong>dabunt</strong></span> 
     </span>
     <span class='ocr_line' id='line_1_35' title="bbox 460 3555 2765 3628; baseline 0 -10"><span class='ocrx_word' id='word_1_323' title='bbox 460 3557 805 3628; x_wconf 86' lang='lat' dir='ltr'><strong>ditissimas,</strong></span> <span class='ocrx_word' id='word_1_324' title='bbox 835 3567 897 3619; x_wconf 90' lang='lat' dir='ltr'><strong>et</strong></span> <span class='ocrx_word' id='word_1_325' title='bbox 920 3568 1281 3619; x_wconf 85' lang='lat' dir='ltr'><strong>mercaturas</strong></span> <span class='ocrx_word' id='word_1_326' title='bbox 1304 3557 1574 3618; x_wconf 88' lang='lat' dir='ltr'><strong>lucrosas</strong></span> <span class='ocrx_word' id='word_1_327' title='bbox 1604 3555 1726 3617; x_wconf 81' lang='lat' dir='ltr'><strong>vati</strong></span> <span class='ocrx_word' id='word_1_328' title='bbox 1748 3555 2134 3625; x_wconf 83' lang='lat' dir='ltr'><strong>indicabunt:</strong></span> <span class='ocrx_word' id='word_1_329' title='bbox 2184 3556 2270 3616; x_wconf 88' lang='lat' dir='ltr'><strong>ita</strong></span> <span class='ocrx_word' id='word_1_330' title='bbox 2310 3576 2386 3618; x_wconf 91' lang='lat' dir='ltr'><strong>ne</strong></span> <span class='ocrx_word' id='word_1_331' title='bbox 2409 3557 2765 3618; x_wconf 81' lang='lat' dir='ltr'><strong>naviculari-</strong></span> 
     </span>
     <span class='ocr_line' id='line_1_36' title="bbox 459 3649 2761 3732; baseline 0 -20"><span class='ocrx_word' id='word_1_332' title='bbox 459 3669 623 3712; x_wconf 87' lang='lat' dir='ltr'><strong>orum</strong></span> <span class='ocrx_word' id='word_1_333' title='bbox 646 3649 886 3730; x_wconf 90' lang='lat' dir='ltr'><strong>quidem</strong></span> <span class='ocrx_word' id='word_1_334' title='bbox 914 3669 1069 3712; x_wconf 88' lang='lat' dir='ltr'><strong>unus</strong></span> <span class='ocrx_word' id='word_1_335' title='bbox 1097 3651 1330 3732; x_wconf 86' lang='lat' dir='ltr'><strong>peribit.</strong></span> <span class='ocrx_word' id='word_1_336' title='bbox 1416 3649 1528 3710; x_wconf 74' lang='lat' dir='ltr'><strong>Er.</strong></span> <span class='ocrx_word' id='word_1_337' title='bbox 1574 3651 1712 3719; x_wconf 89' lang='lat' dir='ltr'><strong>Qua</strong></span> <span class='ocrx_word' id='word_1_338' title='bbox 1753 3651 1980 3711; x_wconf 88' lang='lat' dir='ltr'><strong>ratione</strong></span> <span class='ocrx_word' id='word_1_339' title='bbox 2023 3669 2144 3709; x_wconf 89' lang='lat' dir='ltr'><strong>non</strong></span> <span class='ocrx_word' id='word_1_340' title='bbox 2187 3649 2440 3732; x_wconf 73' lang='lat' dir='ltr'><strong>peribit?</strong></span> <span class='ocrx_word' id='word_1_341' title='bbox 2524 3651 2761 3712; x_wconf 72' lang='lat' dir='ltr'><strong>Pis-ru.</strong></span> 
     </span>
     <span class='ocr_line' id='line_1_37' title="bbox 460 3741 2758 3824; baseline -0 -20"><span class='ocrx_word' id='word_1_342' title='bbox 460 3741 755 3804; x_wconf 80' lang='lat' dir='ltr'><strong>Proedicet</strong></span> <span class='ocrx_word' id='word_1_343' title='bbox 782 3763 1014 3824; x_wconf 84' lang='lat' dir='ltr'><strong>semper</strong></span> <span class='ocrx_word' id='word_1_344' title='bbox 1042 3744 1317 3824; x_wconf 79' lang='lat' dir='ltr'><strong>quoedam</strong></span> <span class='ocrx_word' id='word_1_345' title='bbox 1349 3763 1423 3804; x_wconf 85' lang='lat' dir='ltr'><strong>ex</strong></span> <span class='ocrx_word' id='word_1_346' title='bbox 1451 3744 1659 3806; x_wconf 83' lang='lat' dir='ltr'><strong>avibus</strong></span> <span class='ocrx_word' id='word_1_347' title='bbox 1709 3744 1936 3804; x_wconf 86' lang='lat' dir='ltr'><strong>homini</strong></span> <span class='ocrx_word' id='word_1_348' title='bbox 1992 3743 2318 3824; x_wconf 87' lang='lat' dir='ltr'><strong>auspicium</strong></span> <span class='ocrx_word' id='word_1_349' title='bbox 2373 3743 2634 3823; x_wconf 85' lang='lat' dir='ltr'><strong>capienti</strong></span> <span class='ocrx_word' id='word_1_350' title='bbox 2681 3743 2758 3803; x_wconf 91' lang='lat' dir='ltr'><strong>de</strong></span> 
     </span>
     <span class='ocr_line' id='line_1_38' title="bbox 458 3835 2753 3919; baseline 0 -24"><span class='ocrx_word' id='word_1_351' title='bbox 458 3835 877 3917; x_wconf 81' lang='lat' dir='ltr'><strong>navigatione:</strong></span> <span class='ocrx_word' id='word_1_352' title='bbox 960 3837 1138 3900; x_wconf 77' lang='lat' dir='ltr'><strong>Nunc</strong></span> <span class='ocrx_word' id='word_1_353' title='bbox 1190 3858 1263 3898; x_wconf 76' lang='lat' dir='ltr'><strong>ne</strong></span> <span class='ocrx_word' id='word_1_354' title='bbox 1315 3839 1582 3919; x_wconf 72' lang='lat' dir='ltr'><strong>naviges,</strong></span> <span class='ocrx_word' id='word_1_355' title='bbox 1630 3836 1909 3898; x_wconf 70' lang='lat' dir='ltr'><strong>hiemabt&#39;t</strong></span> <span class='ocrx_word' id='word_1_356' title='bbox 1926 3856 1947 3895; x_wconf 91' lang='lat'><strong>.·</strong></span> <span class='ocrx_word' id='word_1_357' title='bbox 2005 3855 2164 3896; x_wconf 69' lang='lat' dir='ltr'><strong>:tunc</strong></span> <span class='ocrx_word' id='word_1_358' title='bbox 2227 3838 2470 3916; x_wconf 77' lang='lat' dir='ltr'><strong>naviga,</strong></span> <span class='ocrx_word' id='word_1_359' title='bbox 2523 3835 2753 3898; x_wconf 65' lang='lat' dir='ltr'><strong>lumn-</strong></span> 
     </span>
     <span class='ocr_line' id='line_1_39' title="bbox 460 3929 2757 4010; baseline 0 -20"><span class='ocrx_word' id='word_1_360' title='bbox 460 3929 755 4010; x_wconf 76' lang='lat' dir='ltr'><strong>obtinget.</strong></span> <span class='ocrx_word' id='word_1_361' title='bbox 826 3929 1033 3990; x_wconf 69' lang='lat' dir='ltr'><strong>Eum..</strong></span> <span class='ocrx_word' id='word_1_362' title='bbox 1060 3930 1319 3992; x_wconf 89' lang='lat' dir='ltr'><strong>Gaulum</strong></span> <span class='ocrx_word' id='word_1_363' title='bbox 1348 3949 1479 3991; x_wconf 88' lang='lat' dir='ltr'><strong>emo</strong></span> <span class='ocrx_word' id='word_1_364' title='bbox 1506 3943 1569 3991; x_wconf 85' lang='lat' dir='ltr'><strong>et</strong></span> <span class='ocrx_word' id='word_1_365' title='bbox 1589 3931 1904 3991; x_wconf 85' lang='lat' dir='ltr'><strong>nauclerus</strong></span> <span class='ocrx_word' id='word_1_366' title='bbox 1929 3931 2030 4002; x_wconf 78' lang='lat' dir='ltr'><strong>fin,</strong></span> <span class='ocrx_word' id='word_1_367' title='bbox 2057 3948 2169 3990; x_wconf 89' lang='lat' dir='ltr'><strong>nec</strong></span> <span class='ocrx_word' id='word_1_368' title='bbox 2196 3929 2357 4010; x_wconf 88' lang='lat' dir='ltr'><strong>apud</strong></span> <span class='ocrx_word' id='word_1_369' title='bbox 2385 3948 2491 3990; x_wconf 92' lang='lat' dir='ltr'><strong>vos</strong></span> <span class='ocrx_word' id='word_1_370' title='bbox 2515 3949 2757 3992; x_wconf 88' lang='lat' dir='ltr'><strong>manere</strong></span> 
     </span>
     <span class='ocr_line' id='line_1_40' title="bbox 460 4021 2761 4103; baseline 0.001 -21"><span class='ocrx_word' id='word_1_371' title='bbox 460 4021 654 4082; x_wconf 81' lang='lat' dir='ltr'><strong>velim.</strong></span> <span class='ocrx_word' id='word_1_372' title='bbox 739 4022 971 4084; x_wconf 74' lang='lat' dir='ltr'><strong>szrn.</strong></span> <span class='ocrx_word' id='word_1_373' title='bbox 1014 4024 1351 4086; x_wconf 86' lang='lat' dir='ltr'><strong>Thesauros</strong></span> <span class='ocrx_word' id='word_1_374' title='bbox 1380 4023 1584 4084; x_wconf 90' lang='lat' dir='ltr'><strong>itidem</strong></span> <span class='ocrx_word' id='word_1_375' title='bbox 1613 4022 1844 4103; x_wconf 83' lang='lat' dir='ltr'><strong>argenti</strong></span> <span class='ocrx_word' id='word_1_376' title='bbox 1871 4023 1957 4082; x_wconf 89' lang='lat' dir='ltr'><strong>eis</strong></span> <span class='ocrx_word' id='word_1_377' title='bbox 1987 4021 2360 4093; x_wconf 85' lang='lat' dir='ltr'><strong>indicabunt,</strong></span> <span class='ocrx_word' id='word_1_378' title='bbox 2389 4041 2540 4102; x_wconf 91' lang='lat' dir='ltr'><strong>quos</strong></span> <span class='ocrx_word' id='word_1_379' title='bbox 2567 4023 2761 4103; x_wconf 84' lang='lat' dir='ltr'><strong>majo-</strong></span> 
     </span>
     <span class='ocr_line' id='line_1_41' title="bbox 460 4115 2760 4198; baseline -0 -23"><span class='ocrx_word' id='word_1_380' title='bbox 460 4134 555 4176; x_wconf 87' lang='lat' dir='ltr'><strong>res</strong></span> <span class='ocrx_word' id='word_1_381' title='bbox 584 4116 642 4175; x_wconf 89' lang='lat' dir='ltr'><strong>in</strong></span> <span class='ocrx_word' id='word_1_382' title='bbox 672 4126 825 4176; x_wconf 90' lang='lat' dir='ltr'><strong>terra</strong></span> <span class='ocrx_word' id='word_1_383' title='bbox 846 4115 1243 4179; x_wconf 77' lang='lat' dir='ltr'><strong>defoderunt:</strong></span> <span class='ocrx_word' id='word_1_384' title='bbox 1292 4118 1511 4180; x_wconf 88' lang='lat' dir='ltr'><strong>etenim</strong></span> <span class='ocrx_word' id='word_1_385' title='bbox 1539 4136 1680 4178; x_wconf 82' lang='lat' dir='ltr'><strong>aves</strong></span> <span class='ocrx_word' id='word_1_386' title='bbox 1723 4116 1836 4176; x_wconf 89' lang='lat' dir='ltr'><strong>hoc</strong></span> <span class='ocrx_word' id='word_1_387' title='bbox 1879 4117 2095 4178; x_wconf 84' lang='lat' dir='ltr'><strong>sciunt.</strong></span> <span class='ocrx_word' id='word_1_388' title='bbox 2181 4115 2498 4178; x_wconf 83' lang='lat' dir='ltr'><strong>Proverbio</strong></span> <span class='ocrx_word' id='word_1_389' title='bbox 2535 4115 2760 4198; x_wconf 86' lang='lat' dir='ltr'><strong>quippe</strong></span> 
     </span>
     <span class='ocr_line' id='line_1_42' title="bbox 460 4207 2759 4291; baseline 0.001 -22"><span class='ocrx_word' id='word_1_390' title='bbox 460 4207 624 4291; x_wconf 91' lang='lat' dir='ltr'><strong>apud</strong></span> <span class='ocrx_word' id='word_1_391' title='bbox 649 4227 856 4270; x_wconf 89' lang='lat' dir='ltr'><strong>omnes</strong></span> <span class='ocrx_word' id='word_1_392' title='bbox 884 4210 1105 4272; x_wconf 75' lang='lat' dir='ltr'><strong>fertur:</strong></span> <span class='ocrx_word' id='word_1_393' title='bbox 1155 4212 1335 4274; x_wconf 78' lang='lat' dir='ltr'><strong>Nemo</strong></span> <span class='ocrx_word' id='word_1_394' title='bbox 1364 4212 1704 4272; x_wconf 72' lang='lat' dir='ltr'><strong>thesaurum</strong></span> <span class='ocrx_word' id='word_1_395' title='bbox 1731 4229 1914 4274; x_wconf 72' lang='lat' dir='ltr'><strong>mcum</strong></span> <span class='ocrx_word' id='word_1_396' title='bbox 1942 4213 2130 4283; x_wconf 76' lang='lat' dir='ltr'><strong>novit,</strong></span> <span class='ocrx_word' id='word_1_397' title='bbox 2158 4207 2462 4288; x_wconf 63' lang='lat' dir='ltr'><strong>nicifori:</strong></span> <span class='ocrx_word' id='word_1_398' title='bbox 2488 4209 2759 4290; x_wconf 64' lang='lat' dir='ltr'><strong>quasdam</strong></span> 
     </span>
     <span class='ocr_line' id='line_1_43' title="bbox 459 4299 2754 4385; baseline 0.001 -22"><span class='ocrx_word' id='word_1_399' title='bbox 459 4305 607 4363; x_wconf 72' lang='lat' dir='ltr'><strong>avis.</strong></span> <span class='ocrx_word' id='word_1_400' title='bbox 690 4301 898 4364; x_wconf 76' lang='lat' dir='ltr'><strong>Eun..</strong></span> <span class='ocrx_word' id='word_1_401' title='bbox 926 4304 1188 4365; x_wconf 89' lang='lat' dir='ltr'><strong>Gaulum</strong></span> <span class='ocrx_word' id='word_1_402' title='bbox 1216 4306 1429 4378; x_wconf 81' lang='lat' dir='ltr'><strong>vendo,</strong></span> <span class='ocrx_word' id='word_1_403' title='bbox 1458 4305 1722 4384; x_wconf 81' lang='lat' dir='ltr'><strong>ligonem</strong></span> <span class='ocrx_word' id='word_1_404' title='bbox 1749 4321 1904 4378; x_wconf 89' lang='lat' dir='ltr'><strong>emo,</strong></span> <span class='ocrx_word' id='word_1_405' title='bbox 1931 4303 2293 4385; x_wconf 77' lang='lat' dir='ltr'><strong>hydriasque</strong></span> <span class='ocrx_word' id='word_1_406' title='bbox 2322 4299 2562 4364; x_wconf 81' lang='lat' dir='ltr'><strong>effodio.</strong></span> <span class='ocrx_word' id='word_1_407' title='bbox 2634 4302 2754 4366; x_wconf 74' lang='lat' dir='ltr'><strong>Er.</strong></span> 
     </span>
     <span class='ocr_line' id='line_1_44' title="bbox 462 4395 2758 4480; baseline 0.002 -25"><span class='ocrx_word' id='word_1_408' title='bbox 462 4396 545 4456; x_wconf 89' lang='lat' dir='ltr'><strong>At</strong></span> <span class='ocrx_word' id='word_1_409' title='bbox 569 4414 689 4476; x_wconf 90' lang='lat' dir='ltr'><strong>quo</strong></span> <span class='ocrx_word' id='word_1_410' title='bbox 706 4407 885 4479; x_wconf 89' lang='lat' dir='ltr'><strong>pacto</strong></span> <span class='ocrx_word' id='word_1_411' title='bbox 916 4397 1230 4460; x_wconf 88' lang='lat' dir='ltr'><strong>sanitatem</strong></span> <span class='ocrx_word' id='word_1_412' title='bbox 1259 4400 1405 4480; x_wconf 87' lang='lat' dir='ltr'><strong>ipsis</strong></span> <span class='ocrx_word' id='word_1_413' title='bbox 1430 4398 1804 4480; x_wconf 84' lang='lat' dir='ltr'><strong>proebebunt,</strong></span> <span class='ocrx_word' id='word_1_414' title='bbox 1832 4417 1970 4478; x_wconf 81' lang='lat' dir='ltr'><strong>quae</strong></span> <span class='ocrx_word' id='word_1_415' title='bbox 1991 4396 2150 4478; x_wconf 91' lang='lat' dir='ltr'><strong>apud</strong></span> <span class='ocrx_word' id='word_1_416' title='bbox 2170 4396 2316 4456; x_wconf 85' lang='lat' dir='ltr'><strong>deos</strong></span> <span class='ocrx_word' id='word_1_417' title='bbox 2339 4395 2479 4456; x_wconf 70' lang='lat' dir='ltr'><strong>est?</strong></span> <span class='ocrx_word' id='word_1_418' title='bbox 2521 4399 2758 4460; x_wconf 69' lang='lat' dir='ltr'><strong>szrn.</strong></span> 
     </span>
     <span class='ocr_line' id='line_1_45' title="bbox 466 4487 2762 4572; baseline 0.001 -22"><span class='ocrx_word' id='word_1_419' title='bbox 466 4491 531 4550; x_wconf 91' lang='lat' dir='ltr'><strong>Si</strong></span> <span class='ocrx_word' id='word_1_420' title='bbox 560 4489 839 4554; x_wconf 86' lang='lat' dir='ltr'><strong>secundis</strong></span> <span class='ocrx_word' id='word_1_421' title='bbox 866 4491 1070 4556; x_wconf 79' lang='lat' dir='ltr'><strong>vivant</strong></span> <span class='ocrx_word' id='word_1_422' title='bbox 1096 4491 1157 4554; x_wconf 90' lang='lat' dir='ltr'><strong>in</strong></span> <span class='ocrx_word' id='word_1_423' title='bbox 1186 4493 1383 4568; x_wconf 86' lang='lat' dir='ltr'><strong>rebus,</strong></span> <span class='ocrx_word' id='word_1_424' title='bbox 1410 4510 1612 4555; x_wconf 89' lang='lat' dir='ltr'><strong>nonne</strong></span> <span class='ocrx_word' id='word_1_425' title='bbox 1639 4491 1742 4554; x_wconf 83' lang='lat' dir='ltr'><strong>illa</strong></span> <span class='ocrx_word' id='word_1_426' title='bbox 1767 4501 1863 4554; x_wconf 86' lang='lat' dir='ltr'><strong>est</strong></span> <span class='ocrx_word' id='word_1_427' title='bbox 1879 4509 2100 4572; x_wconf 83' lang='lat' dir='ltr'><strong>magna</strong></span> <span class='ocrx_word' id='word_1_428' title='bbox 2137 4487 2412 4554; x_wconf 73' lang='lat' dir='ltr'><strong>sanitas?</strong></span> <span class='ocrx_word' id='word_1_429' title='bbox 2463 4490 2629 4551; x_wconf 86' lang='lat' dir='ltr'><strong>Istuc</strong></span> <span class='ocrx_word' id='word_1_430' title='bbox 2649 4509 2762 4570; x_wconf 88' lang='lat' dir='ltr'><strong>pro</strong></span> 
     </span>
    </p>
   </div>
  </div>
 </body>
</html>
