3059 5059
468 406 587 467 160
1206 394 1994 459 anrsropusms
2401 386 2762 485 [mr-856

460 533 655 595 lectos
668 530 1045 595 circumiens.
1086 528 1165 591 Et
1182 530 1233 591 si
1262 548 1299 589 e
1320 527 1582 591 fenestra
1600 525 2096 605 prospexerimus..
2127 522 2328 587 stmlet
2353 520 2603 603 quilibet
2627 536 2758 583 ma-

462 625 591 691 lm
608 624 758 687 illud
784 636 1090 705 spectare:
1138 631 1203 683 et
1228 621 1280 683 si
1307 640 1445 701 quse
1466 618 1695 699 pudore
1723 617 1951 679 suffusa
1978 616 2307 691 recesserit,
2335 616 2523 679 multo
2565 611 2765 691 magis

464 718 717 797 quisque
750 718 935 798 cupit,
982 727 1051 777 ut
1090 724 1275 795 caput
1319 732 1600 776 exserens
1641 710 1862 773 malum
1909 730 2112 773 rursus
2155 730 2222 773 se
2268 707 2766 791 conspiciendum

463 812 747 891 prebeat.
826 810 999 873 Adeo
1025 828 1139 869 nos
1164 807 1481 868 manifesto
1522 820 1728 865 sumus
1769 806 1938 867 vobis
1977 804 2168 866 multo
2209 803 2524 867 meliores:
2575 798 2766 879 idque

464 924 543 965 ex
566 903 839 965 instimto
864 902 1133 965 examiue
1160 918 1443 981 apparere
1488 908 1706 976 potest.
1791 897 2234 970 Examinemus,
2273 896 2392 957 utri
2441 892 2766 955 deteriores

466 997 624 1061 siut:
672 1016 783 1057 nos
810 996 969 1057 enim
999 994 1249 1055 dicimus
1278 1009 1422 1052 vos:
1462 1010 1570 1053 vos
1593 1009 1734 1051 vero
1755 1010 1888 1053 nos.
1947 989 2406 1051 Consideremus
2449 986 2650 1067 igitur,
2697 994 2768 1045 et

464 1110 839 1171 opponamus
860 1088 1131 1169 singulos
1164 1085 1441 1165 singulis,
1487 1094 1902 1165 comparantes
1957 1081 2194 1143 femine
2247 1093 2310 1145 et
2355 1080 2464 1143 viri
2517 1077 2770 1141 nomina

466 1181 703 1263 singula
740 1182 895 1243 iuter
921 1200 1005 1245 se.
1088 1177 1512 1243 Nausimaehoe
1543 1177 1768 1239 scilieet
1795 1176 1956 1238 cedit
1995 1175 2388 1237 Charminus.
2371 1196 2388 1213 ·
2441 1172 2770 1237 manifesta

464 1276 623 1339 enim
650 1285 793 1337 sunt
814 1276 1011 1335 facta.
1056 1286 1119 1334 et
1144 1271 1457 1352 cleophon
1486 1268 1742 1333 deterior
1768 1269 2009 1331 omnino
2037 1278 2134 1331 est
2173 1266 2578 1329 Selabaccha:
2622 1282 2770 1327 cum

466 1368 891 1432 Aristomache
903 1387 1062 1440 vero,
1089 1364 1401 1447 praenobili
1426 1362 1532 1423 illa
1553 1363 1954 1437 Marathonia,
1983 1373 2046 1425 et
2069 1381 2207 1425 cum
2227 1358 2562 1424 Stratonice
2583 1374 2767 1419 nemo

384 1496 389 1501 ·
466 1470 726 1523 vestrum
758 1480 795 1519 a
832 1460 1019 1539 longo
1058 1458 1187 1538 jam
1236 1471 1519 1536 tempore,
1578 1476 1654 1517 ne
1709 1467 1962 1518 conatur
2011 1454 2254 1536 quidem
2305 1465 2553 1515 certare.
2636 1446 2772 1509 Sed

466 1554 719 1615 Eubul'oe
746 1552 959 1631 aliquis
991 1570 1069 1611 ex
1106 1548 1424 1629 superioris
1474 1548 1616 1609 anni
1662 1550 2039 1611 senatoribus
2085 1558 2353 1631 praestat,
2385 1544 2488 1627 qui
2535 1544 2778 1605 scilicet

465 1646 637 1709 alteri
692 1665 907 1708 munus
952 1643 1315 1705 senatorium
1348 1640 1580 1703 cessit?
1646 1642 1729 1701 At
1777 1660 1854 1703 ne
1896 1642 2024 1723 ipse
2065 1641 2309 1723 quidem
2355 1640 2474 1701 hoe
2520 1637 2773 1701 dixeris.

466 1739 565 1799 Sic
596 1738 797 1817 itaque
824 1756 937 1797 nos
962 1736 1150 1797 multo
1174 1732 1443 1795 meliores
1484 1733 1624 1793 viris
1667 1734 1987 1814 gloriamur
2023 1754 2180 1796 esse.
2265 1734 2476 1810 Neque
2518 1728 2770 1801 femina,

465 1850 605 1911 qum
629 1851 702 1892 ex
730 1829 971 1910 publica
987 1827 1239 1908 pecunia
1264 1826 1690 1905 quinquagena
1715 1824 1942 1887 talenta
1967 1826 2146 1889 furari
2170 1823 2562 1893 consueverit.
2603 1822 2774 1901 bigis

464 1926 671 1987 urbem
698 1922 1025 1984 invehiturx
1082 1918 1213 1991 sed,
1240 1936 1421 1998 quum
1462 1918 1780 1996 plurimum
1817 1917 2076 1999 surripit,
2115 1928 2378 1997 sportam
2419 1914 2591 1977 tritici
2635 1915 2774 1976 viro

466 2016 778 2088 suffurata,
807 2012 1017 2075 eodem
1037 2012 1135 2072 die
1158 2012 1321 2075 illam
1346 2009 1564 2071 reddit.
1647 2010 1768 2071 Sed
1797 2030 1906 2071 uos
1933 2011 2143 2072 horum
2185 2011 2411 2072 multos
2445 2007 2774 2071 ostendere

464 2128 797 2191 possemus
790 2106 921 2167 ista
944 2104 1253 2177 facientes,
1282 2114 1344 2164 et
1372 2114 1658 2184 praeterea
1678 2105 1889 2179 ventri,
1917 2104 2108 2184 magis
2135 2124 2316 2185 quam
2339 2124 2472 2176 nos,
2503 2102 2776 2177 deditos,

464 2212 529 2265 et
550 2212 942 2283 grassatores,
962 2208 1023 2261 et
1050 2216 1304 2270 scurras,
1326 2206 1391 2257 et
1410 2196 1752 2277 plagiarios.
1822 2196 2182 2267 Quinimmo
2201 2196 2554 2279 patrimonia
2575 2197 2776 2259 multo

466 2296 663 2357 minus
714 2314 896 2373 quam
952 2311 1064 2353 nos
1116 2310 1467 2353 conservare
1521 2290 1748 2357 sciunt.
1827 2292 2019 2353 Nobis
2072 2292 2230 2354 enim
2286 2290 2517 2352 salvum
2569 2310 2776 2369 usque

466 2388 666 2450 adhuc
694 2385 1066 2459 liciatorium,
1094 2405 1311 2466 scapus
1354 2382 1664 2456 textorius,
1689 2383 2022 2460 coluthiani,
2045 2385 2342 2447 umbella:
2401 2382 2534 2445 viris
2561 2393 2778 2445 autem

466 2481 635 2543 hisce
659 2479 879 2541 nostris
907 2479 1080 2560 periit
1100 2478 1339 2559 quidem
1364 2475 1567 2538 multis
1589 2496 1806 2557 scapus
1823 2498 1898 2539 ex
1915 2478 2171 2552 sedibus,
2189 2498 2326 2539 cum
2355 2478 2486 2558 ipsa
2512 2477 2776 2539 lancea:

467 2574 637 2639 multi
674 2582 873 2635 autem
928 2572 1029 2635 alii
1076 2572 1307 2635 bellicis
1359 2570 1423 2630 iu
1460 2570 1936 2651 expeditionibus
1979 2571 2055 2633 ab
2108 2570 2371 2633 humeris
2420 2569 2780 2649 abJecerunt

450 2667 767 2747 elypeum.
850 2663 945 2725 De
974 2664 1179 2725 multis
1217 2664 1495 2725 mulieres
1534 2684 1646 2724 nos
1676 2663 1814 2745 jure
1853 2664 2232 2745 expostulare
2271 2682 2580 2745 possemus
2625 2682 2780 2725 cnm

468 2760 651 2821 visis:
692 2756 777 2835 de
805 2776 925 2819 uno
952 2777 1092 2819 vero
1140 2756 1458 2839 praecipue,
1515 2756 1677 2839 quod
1723 2766 1820 2817 est
1876 2758 2136 2819 omnium
2192 2758 2371 2838 longe
2417 2756 2777 2827 maximum.

472 2852 803 2932 Oportebat
827 2852 1005 2927 enim,
1034 2860 1365 2913 nostrarum
1386 2850 1439 2911 si
1479 2870 1619 2931 qum
1662 2851 1990 2931 peperisset
2035 2851 2241 2912 utilem
2289 2850 2512 2912 civitati
2551 2850 2776 2923 virum,

468 2946 741 3007 ordinum
768 2944 1105 3017 ductorem,
1125 2944 1219 3005 vel
1248 2946 1677 3025 imperatos-em,
1705 2943 1882 3009 adfici
1907 2944 2130 3006 honore
2147 2944 2368 3025 aliquo,
2397 2943 2776 3025 primamque

471 3038 677 3101 sedem
720 3037 811 3097 illi
856 3037 1035 3099 tribui
1092 3037 1155 3097 ia
1204 3037 1359 3099 festo
1416 3038 1754 3098 Steniorum
1806 3048 1872 3098 et
1915 3038 2234 3112 Scirorum,
2277 3037 2528 3117 aliisque
2571 3036 2776 3109 festis,

472 3152 615 3211 quo
658 3129 953 3191 celebrare
994 3129 1277 3195 solemus.
1358 3130 1465 3191 Sin
1510 3130 1784 3192 timidum
1827 3140 1892 3192 et
1933 3132 2200 3195 inutilem
2243 3132 2432 3193 virum
2485 3130 2780 3212 quodam

472 3224 802 3307 peperisset
827 3222 1065 3296 femina,
1080 3222 1173 3282 vel
1192 3224 1578 3287 trierarchum
1604 3224 1909 3304 ignavum,
1927 3225 2024 3286 vel
2053 3228 2504 3305 gubernatorem
2533 3223 2782 3306 imperi·

474 3324 621 3391 tum,
644 3315 1029 3399 posteriorem
1061 3334 1193 3376 eam
1222 3316 1451 3391 sedere,
1478 3317 1678 3398 eapite
1705 3316 1982 3391 detonso,
2009 3317 2134 3392 illa,
2161 3337 2297 3398 quae
2325 3319 2534 3381 sortem
2575 3318 2778 3381 virum

474 3410 824 3490 peperisset.
864 3407 987 3477 Qui
1012 3407 1171 3469 enim
1197 3428 1303 3489 par
1334 3420 1449 3487 est,
1474 3429 1511 3469 o
1541 3409 1726 3485 cives,
1753 3410 2080 3491 Hyper-boli
2101 3422 2348 3472 matrem
2367 3410 2600 3483 sedere,
2614 3408 2778 3469 albis

476 3501 747 3563 indutam
796 3500 1083 3573 vestibus,
1138 3510 1203 3560 et
1250 3503 1544 3581 promissa
1595 3522 1790 3577 coma,
1831 3503 2008 3582 juxta
2049 3514 2299 3565 matrem
2353 3502 2656 3577 Lamaehi,
2707 3513 2783 3564 et

478 3592 691 3657 honri
715 3593 912 3657 locare
939 3592 1294 3673 pecuniam?
1340 3595 1457 3667 cui,
1486 3597 1537 3655 si
1564 3596 1774 3655 soenori
1801 3595 1978 3656 alicui
1997 3596 2290 3669 dedisset,
2309 3610 2374 3657 et
2413 3598 2606 3657 foenus
2647 3596 2784 3657 exi·

480 3695 668 3767 genet.
699 3687 1011 3766 oportebat
1044 3686 1186 3749 dare
1216 3687 1509 3747 neminem
1538 3705 1775 3759 usuras,
1803 3686 1910 3747 sed
1940 3688 2168 3750 auferre
2197 3689 2254 3751 vi
2281 3690 2594 3771 pecuniam
2633 3709 2784 3751 curn

480 3779 597 3843 hoc
616 3778 817 3840 dicto:
874 3780 1093 3860 Digna
1116 3780 1345 3842 scilicet
1366 3801 1427 3841 es
1437 3780 1699 3861 fauore,
1725 3800 1864 3862 qnae
1889 3780 2064 3841 talen
2072 3784 2366 3862 peperisti
2372 3784 2638 3863 soetun!

566 3873 787 3935 Mnus.
812 3874 1062 3934 Str-abus
1090 3873 1283 3933 factus
1310 3892 1463 3947 snm,
1488 3873 1637 3935 dum
1681 3882 2012 3954 expectans
2055 3876 2363 3937 oculorum
2401 3876 2594 3937 aciem
2627 3862 2782 3939 illuc

484 3968 717 4049 defigo:
770 3966 871 4029 ille
918 3976 1117 4028 autem
1172 3966 1439 4027 nondum
1492 3980 1760 4048 apparet.
1867 3965 2054 4043 Quid,
2097 3969 2301 4044 miror,
2352 3968 2788 4051 impedimento

482 4080 619 4125 esse
644 4059 881 4143 possiti
933 4060 1059 4121 fieri
1086 4078 1233 4121 sane
1262 4078 1383 4125 non
1409 4069 1630 4140 potest,
1655 4060 1800 4142 quin
1855 4078 1992 4123 eum
2039 4052 2236 4143 frigidi
2279 4062 2616 4123 Palamedis
2665 4080 2792 4142 pu·

482 4154 649 4217 deat.
735 4154 873 4223 Qua
898 4152 1075 4234 igitur
1098 4154 1263 4217 illum
1290 4153 1589 4218 adducere
1616 4172 1830 4234 queam
1853 4152 2102 4215 fabule?
2159 4155 2242 4215 At
2276 4154 2452 4224 noviz
2481 4166 2796 4217 recentem

484 4248 781 4309 Helenam
800 4246 1091 4309 imitabor.
1134 4246 1395 4309 Omnino
1424 4248 1583 4309 euim
1612 4246 1754 4309 mihi
1779 4259 1876 4307 est
1899 4247 2201 4310 muliebris
2241 4249 2513 4311 vestitus.
2593 4248 2798 4310 Mur..

486 4339 627 4401 ΥΠ.
672 4338 835 4409 Quid
888 4359 1089 4401 rursus
1142 4340 1544 4402 machinaris?
1597 4350 1704 4401 aut
1756 4340 1900 4423 quid
1954 4341 2458 4423 circumspectas?
2503 4344 2798 4409 acerbam

490 4432 785 4495 Helenam
810 4432 1037 4494 videbis
1062 4453 1223 4505 mox,
1244 4434 1356 4495 nisi
1384 4436 1654 4497 modeste
1681 4444 1740 4495 te
1769 4455 1963 4517 geras,
1991 4436 2188 4499 donec
2209 4438 2540 4519 Prytanum
2565 4437 2800 4518 aliquis

486 4527 709 4589 ueniat.
790 4528 1011 4635 Makris.
1041 4538 1111 4590 ut
1128 4528 1435 4593 Harena·
1519 4528 1642 4591 Nili
1681 4528 1812 4595 haec
1851 4541 1996 4593 suut
2035 4530 2294 4613 pulchris
2335 4530 2640 4613 Nymphis
2677 4531 2802 4592 de-
