3059 5059
271 401 586 479 41-102]
853 395 1662 460 ARISTOPHANIS
1728 395 2083 460 NUBES.
2508 403 2591 460 45

273 547 438 594 tuum
469 532 1046 592 recasurum-..Heu
1073 536 1087 589 Ξ
1131 531 1358 590 utinam
1389 529 1665 611 pessimis
1694 530 1986 611 exemplis
2014 529 2287 609 periisset
2322 531 2593 611 pronuba

273 625 396 699 illu,
421 643 568 704 qum
593 643 690 684 me
719 623 972 704 impulit,
1003 633 1070 683 ut
1091 635 1336 684 matrem
1380 634 1541 683 tuam
1594 621 1913 684 ducerem!
1956 622 2105 682 Ruri
2145 621 2302 685 enim
2345 623 2595 702 agebam

271 718 452 778 sitnm
485 717 922 788 suavissimam,
967 714 1325 795 squalidam,
1369 715 1717 788 incomtam,
1764 713 2120 796 neglectam,
2164 713 2594 776 redundantem

275 810 490 888 apibus
519 823 582 869 et
607 809 822 870 ovibus
849 819 911 869 et
939 809 1218 868 fracibus.
1294 807 1549 868 Postilla
1574 826 1819 869 uxorem
1848 807 1995 868 duxi
2023 805 2342 887 Megaclis,
2384 806 2595 886 Mega-

272 902 386 962 clis
415 902 524 975 fili,
551 923 628 962 ex
659 920 862 962 sorore
891 910 1150 980 neptem,
1197 899 1457 960 rusticus
1483 902 1795 974 urbanam,
1841 901 2181 980 superbam,
2208 899 2595 970 luxuriosam,

279 995 552 1074 Coesyrm
579 994 844 1054 moribus
869 992 1176 1054 imbutam.
1221 994 1396 1053 Hanc
1424 1006 1745 1073 postquam
1788 991 2095 1067 duxeram,
2122 1011 2261 1052 cum
2295 1011 2369 1052 ea
2414 994 2599 1053 cuba·

277 1089 416 1146 bam
439 1086 614 1148 olens
637 1097 922 1156 mustum,
948 1086 1123 1157 ficus,
1151 1084 1424 1146 lanarum
1449 1085 1719 1163 copiam:
1765 1082 1869 1145 illa
1888 1103 2031 1146 vero
2048 1094 2441 1164 unguentum,
2462 1104 2597 1156 cro·

273 1197 438 1252 cum,
466 1178 852 1241 collabellata
877 1177 1108 1249 oscula,
1138 1187 1396 1250 sumtus,
1429 1175 1824 1251 beluationes,
1869 1176 2179 1238 Coliadem
2205 1163 2269 1236 et
2308 1175 2597 1258 Genetyl-

275 1269 488 1332 iidem.
547 1271 684 1332 Non
715 1270 995 1351 equidem
1023 1269 1220 1330 dicam
1265 1269 1522 1330 otiosam
1568 1287 1703 1329 eam
1736 1269 1963 1338 fuisse:
2008 1269 2117 1330 sed
2160 1271 2421 1332 texebat.
2465 1269 2599 1350 Ego

275 1375 482 1425 autem
511 1363 566 1424 ei
595 1363 848 1442 pallium
873 1363 990 1424 hoc
1017 1360 1370 1435 ostendens,
1397 1381 1593 1440 eoque
1617 1370 1795 1422 utens
1820 1372 2135 1442 praetextu,
2178 1360 2374 1422 dicere
2400 1363 2456 1422 ei
2498 1382 2598 1423 so·

271 1455 518 1517 lebam:
561 1455 820 1529 Mulier,
851 1455 1026 1518 telam
1052 1456 1231 1515 nimis
1257 1454 1490 1516 mnas.
1576 1453 1751 1514 Fan.
1792 1454 2009 1516 Oleum
2052 1455 2225 1514 nobis
2272 1474 2395 1515 non
2444 1457 2603 1518 inest

281 1548 342 1608 in
371 1547 638 1608 lucerna.
724 1548 1000 1608 Snus.
1043 1547 1162 1608 Hei
1189 1546 1374 1608 mihil
1413 1565 1522 1606 cur
1548 1547 1703 1605 enim
1733 1546 1995 1608 bibulam
2048 1549 2224 1608 istam
2273 1549 2601 1609 accendisti

281 1639 426 1700 mihi
453 1639 810 1701 lucernam?
848 1640 965 1700 hnc
992 1638 1233 1712 accede,
1261 1647 1334 1700 ut
1357 1637 1585 1720 plores.
1659 1639 1832 1700 Fau.
1861 1641 2006 1713 Cur,
2032 1642 2302 1713 obsecro,
2330 1639 2602 1719 plorem?

285 1734 570 1794 Srnnrs.
619 1731 778 1801 Quia
825 1752 860 1794 e
899 1733 1120 1794 crassis
1159 1731 1472 1813 ellychniis
1503 1751 1690 1792 unum
1718 1732 2241 1793 indidisti.—Post
2266 1732 2390 1806 illa,
2418 1753 2600 1812 quum

287 1823 464 1885 nobis
505 1825 632 1904 jam
682 1836 864 1886 natus
905 1835 1069 1888 essct
1109 1825 1268 1885 filius
1310 1824 1447 1896 iste,
1473 1823 1616 1884 mihi
1646 1824 1877 1885 scilicet
1918 1837 1981 1886 et
2014 1827 2190 1885 bonoe
2226 1824 2313 1885 illi
2354 1823 2605 1900 mulieri,

285 1917 440 1978 inter
469 1937 584 1978 nos
609 1918 866 1998 primum
893 1917 972 1979 de
997 1917 1240 1978 nomine
1266 1918 1543 1978 obortum
1586 1926 1682 1978 est
1718 1916 1980 1998 jurgium
2023 1918 2101 1978 ad
2144 1919 2303 1980 hunc
2340 1916 2602 1980 modum.

287 2011 404 2072 llla
429 2012 674 2091 quidem
703 2031 922 2092 equum
943 2011 1210 2074 addebat
1229 2011 1477 2084 nomini,
1499 2011 1947 2091 Xanthippum,
1968 2022 2073 2072 aut
2095 2012 2481 2094 Ckcffppum,
2501 2023 2607 2074 aut

289 2103 692 2184 &Hippiam
733 2124 874 2166 eum
923 2123 1316 2186 nuncupans:
1374 2122 1492 2184 ego
1536 2104 1815 2164 vero-avi
1860 2106 2235 2186 imponebam
2274 2107 2332 2166 ei
2386 2123 2607 2166 nomen

285 2196 712 2260 Phidom’den.
756 2199 1066 2259 Hactenus
1095 2197 1335 2276 quidem
1357 2197 1653 2277 processit
1678 2198 2081 2258 concertatio:
2122 2209 2335 2279 postea
2360 2197 2605 2260 tandem

283 2292 570 2354 convenit
613 2294 768 2354 inter
795 2310 930 2364 nos,
957 2302 1020 2354 et
1063 2291 1337 2352 dedimus
1381 2290 1436 2350 ei
1483 2309 1703 2351 nomen
1734 2290 2153 2370 Phidippum·
2200 2291 2379 2352 Hunc
2408 2303 2605 2352 autern

286 2384 396 2444 illa
421 2394 672 2464 gnatum
701 2385 928 2464 gremio
953 2383 1266 2465 complexa
1288 2381 1508 2446 blande
1537 2383 1999 2465 adloquebatur:
2040 2385 2295 2456 Quando
2326 2393 2393 2447 tu
2414 2405 2609 2466 gram

286 2479 610 2556 disfactus
634 2499 878 2540 cur-rust
905 2478 1172 2559 agitabis
1197 2497 1395 2538 serm
1417 2477 1641 2550 urbem,
1668 2485 1741 2538 ut
1772 2477 2093 2558 Megacles,
2122 2497 2321 2538 croceo
2354 2480 2610 2541 amictus

281 2575 476 2656 pullio
491 2577 522 2635 Ι
565 2576 699 2656 Ego
727 2585 924 2637 autem
947 2576 1218 2636 dicebam
1243 2593 1260 2635 ε
1307 2576 1488 2636 Im
1512 2573 1751 2656 qnando
1774 2581 1843 2634 tir
1861 2593 2075 2654 capras
2092 2574 2267 2636 duces
2290 2595 2321 2635 e
2340 2573 2607 2647 Plaelko,

289 2677 360 2729 nt
382 2675 566 2748 paler
593 2675 752 2739 tm,
787 2689 1004 2730 renone
1039 2667 1338 2730 indum!
1406 2668 1530 2728 Sed
1558 2668 1705 2729 meis
1732 2667 1911 2728 dictis
1954 2687 2333 2748 nequaquam
2370 2668 2570 2750 paruit
2589 2689 2610 2730 z

291 2781 496 2823 verum
547 2763 805 2822 fortunis
850 2763 998 2823 meis
1038 2761 1317 2842 equinum
1363 2759 1578 2821 offudit
1626 2761 1918 2822 morbum.
1986 2761 2063 2820 Et
2088 2781 2248 2825 nunc
2278 2770 2407 2822 tota
2432 2773 2609 2822 nocte

295 2873 532 2914 mecum
559 2853 907 2928 meditatus,
936 2854 1050 2915 vim
1079 2873 1258 2914 unam
1287 2853 1574 2914 rationem
1606 2853 1799 2914 inveni
1846 2851 2267 2914 admirabiliter
2312 2852 2611 2920 excellen-

296 2957 458 3017 temz
500 2965 678 3027 qnam
709 2948 760 3008 si
787 2949 886 3009 isti
917 2965 1290 3027 persuasero,
1335 2946 1543 3008 salvus
1586 2965 1709 3007 ero.
1754 2947 1973 3007 Verum
2016 2946 2277 3008 excitare
2318 2946 2483 3026 prius
2526 2947 2613 3026 ip-

299 3061 434 3102 sum
485 3040 650 3102 volo.
693 3041 1014 3110 Quomodo
1067 3059 1214 3120 ergo
1269 3059 1403 3100 eum
1459 3058 1641 3119 quam
1695 3039 2043 3100 mollissime
2096 3038 2611 3121 expergefaciami

291 3133 642 3213 quomodo?
687 3133 1096 3216 Phidippides,
1128 3131 1609 3214 Phidippidisce!
1693 3133 1899 3193 Pmn.
1944 3132 2104 3201 Quid
2128 3143 2243 3206 cst,
2272 3134 2353 3192 mi
2398 3131 2611 3214 pater?

293 3227 574 3286 Srnzrs.
616 3226 908 3287 Osculare
933 3245 1029 3286 me
1055 3237 1118 3287 et
1165 3244 1404 3286 manum
1439 3225 1592 3286 cedo
1630 3223 1953 3286 dexteram.
2038 3225 2243 3286 Pmn.
2288 3225 2403 3288 En.
2446 3227 2610 3295 Quid

293 3317 434 3380 est?
521 3319 800 3380 Srnnrs.
845 3319 960 3379 Dic
989 3318 1154 3389 mihi,
1201 3337 1366 3378 amas
1409 3317 1552 3378 me?
1634 3317 1841 3378 Pmn.
1902 3319 2013 3391 lta,
2060 3317 2402 3398 Neptunum
2448 3320 2611 3381 hunc

293 3421 482 3472 testor
511 3411 888 3490 Equestrem.
970 3412 1250 3474 Stante.
1283 3411 1644 3490 Neutiquam
1676 3411 1841 3484 mihi,
1869 3429 2093 3490 quoeso,
2136 3411 2483 3490 Equestrem
2530 3415 2611 3474 is-

291 3517 422 3566 tum
449 3523 757 3566 memora:
801 3504 899 3566 hic
927 3504 1266 3572 enimdeus
1293 3513 1390 3566 est
1415 3503 1559 3563 mihi
1588 3521 1773 3564 causa
1801 3504 2110 3566 malorum.
2154 3504 2396 3575 Verum,
2428 3506 2479 3564 si
2516 3525 2611 3566 me

291 3598 480 3660 corde
507 3617 714 3659 revera
739 3617 930 3671 amas,
959 3617 998 3660 o
1027 3609 1234 3679 gnate,
1257 3617 1394 3678 gere
1421 3615 1645 3658 morem
1672 3596 1837 3656 mihi.
1894 3595 2103 3657 Pmn.
2147 3595 2309 3666 Quid
2340 3597 2441 3658 tibi
2466 3617 2611 3677 ergo

297 3710 524 3752 morem
554 3691 646 3750 vis
675 3690 921 3770 geram?
1003 3691 1280 3752 Srnzrs.
1331 3692 1585 3750 lmmuta
1611 3709 1789 3769 quam
1816 3690 2093 3750 ocissime
2118 3708 2315 3751 mores
2350 3700 2508 3762 tuos,
2551 3703 2613 3752 et

297 3785 422 3856 abi,
445 3796 516 3844 ut
541 3784 770 3862 discas,
797 3804 936 3865 qnoe
962 3803 1076 3864 ego
1088 3782 1336 3864 jubebo.
1367 3783 1571 3843 Pmn.
1604 3783 1719 3844 Dic
1736 3783 1861 3862 jam
1892 3783 2038 3862 quid
2059 3784 2295 3863 jubeas.
2336 3785 2609 3846 S'rnzrs.

299 3877 836 3958 obtemperabisne
893 3877 1264 3956 aliquantum
1317 3875 1508 3936 milii?
1609 3876 1816 3936 Pmn.
1862 3875 2323 3957 Obtemperabo,
2380 3878 2465 3938 ita
2520 3895 2611 3938 me

303 3969 582 4030 Bacchus
609 3980 786 4030 amet.
871 3971 1150 4030 Srnzrs.
1181 3969 1319 4028 Huc
1347 3987 1490 4048 ergo
1517 3979 1797 4028 converte
1824 3967 2052 4029 oculos.
2096 3970 2149 4024 V
2152 3968 2309 4028 iden'
2336 3969 2612 4030 ostiolum

303 4061 416 4121 boc
447 4075 510 4122 et
535 4061 1005 4124 domunculam?
1089 4063 1294 4124 Pmn.
1323 4061 1555 4122 Video:
1600 4073 1682 4132 at,
1706 4079 1931 4140 qumso‚
1956 4061 2099 4142 quid
2128 4073 2225 4121 est
2251 4061 2385 4135 hoc,
2404 4062 2615 4142 pater?

297 4155 580 4216 Srrtnrs.
624 4154 972 4216 Animarum
1004 4155 1342 4236 sapientum
1372 4153 1502 4214 lioec
1533 4165 1625 4215 est
1648 4153 1873 4214 schola.
1924 4155 2035 4214 Hic
2061 4155 2335 4214 habitant
2356 4157 2485 4229 viri,
2513 4156 2615 4236 qni

305 4248 676 4308 sermonibus
705 4247 858 4308 alios
886 4247 964 4308 ad
984 4247 1350 4309 credendum
1369 4246 1685 4320 inducunt,
1706 4247 1919 4307 coelum
1942 4267 2079 4307 esse
2098 4248 2355 4319 furnum,
2378 4249 2479 4328 qui
2503 4247 2617 4307 cir'-

301 4361 378 4400 ca
401 4359 510 4400 nos
537 4341 680 4416 siet,
703 4361 814 4402 nos
845 4351 1046 4402 autem
1091 4361 1226 4402 esse
1255 4342 1568 4402 carbones.
1642 4341 1761 4422 lpsi
1792 4342 2035 4414 docent,
2062 4342 2113 4400 si
2141 4342 2277 4422 quis
2304 4342 2613 4421 pecuniam

301 4431 448 4512 ipsis
467 4435 596 4508 det,
621 4454 744 4513 quo
759 4447 938 4518 pacto
959 4433 1094 4514 quis
1122 4433 1380 4495 dicendo
1397 4434 1599 4494 vincat
1624 4445 1685 4494 et
1706 4433 1927 4512 justam
1960 4435 2325 4514 evinjustam
2350 4453 2612 4495 causam.

305 4527 506 4589 P-mn.
554 4528 816 4597 Quinam
851 4549 988 4590 vero
1017 4527 1206 4588 sunt?
1249 4529 1520 4588 S‘rnnrs.
1572 4528 1705 4587 Non
1736 4527 1949 4588 callide
1998 4529 2131 4587 novi
2178 4546 2431 4588 nomene
2478 4541 2619 4587 sunt
