3059 5059
443 349 554 412 190
1191 344 1973 410 ARISTOPHANIS
2380 345 2740 428 [loo-iss

436 478 514 538 Et
537 477 681 540 nihil
727 477 932 540 mirum
969 495 1151 538 sane:
1205 496 1315 540 nec
1362 477 1522 538 enim
1572 497 1711 556 ego,
1758 479 1861 557 qui
1904 495 2102 541 cerno.
2189 476 2395 540 Pnrr.
2441 477 2739 540 Dimittite

430 591 590 632 nunc
621 591 736 632 me.
819 572 954 632 Jam
983 569 1138 632 enim
1170 589 1263 630 me
1293 581 1354 630 et
1391 590 1522 632 mea
1560 571 1761 632 omnia
1802 570 2189 650 cognoscitis.
2272 572 2547 635 Cnasu.
2594 570 2737 630 Non

431 663 672 732 hercle:
725 664 833 722 sed
871 661 1057 724 multo
1105 665 1294 742 magis
1342 674 1399 723 te
1449 662 1853 724 retinebimus.
1940 663 2146 724 Pnu‘r.
2194 663 2411 730 Nonne
2460 664 2739 725 dicebam

433 757 556 820 fore
587 767 653 816 ut
678 756 981 817 molestias
1011 757 1336 816 exhibeatis
1382 755 1568 816 mihi?
1653 757 1927 818 Carum.
1973 757 2053 816 At
2092 767 2159 815 tu
2200 757 2347 829 sine,
2394 777 2627 836 quoeso,
2671 767 2743 816 ut

429 849 545 910 hoc
572 849 677 910 tibi
706 849 1120 928 persuadeam,
1150 862 1210 910 et
1237 869 1310 908 nc
1339 849 1585 912 deseras
1613 869 1727 910 me.
1814 850 1949 909 Non
1978 850 2135 910 enim
2165 850 2429 910 invenies
2446 871 2539 912 me
2581 850 2737 930 ipso,

426 943 657 1005 etiamsi
701 963 958 1022 quaeras,
1004 943 1296 1003 hominem
1354 943 1564 1002 melius
1615 952 1927 1004 moratum.
2014 942 2152 1002 Non
2206 944 2470 1022 inquam,
2516 943 2735 1004 Jovem

423 1047 652 1100 testor:
708 1056 820 1098 nec
858 1037 1012 1096 enim
1057 1047 1150 1098 est
1187 1037 1361 1108 alius,
1402 1048 1799 1116 praeterquam
1850 1057 1984 1118 ego.
2070 1037 2273 1098 PLur.
2318 1037 2466 1098 Haec
2522 1034 2737 1096 dicunt

427 1149 674 1192 omnes:
730 1131 970 1210 quando
999 1141 1195 1191 autem
1237 1151 1330 1192 me
1379 1129 1580 1210 adepti
1628 1139 1771 1190 sunt
1799 1149 2021 1204 revera,
2061 1143 2124 1190 et
2148 1141 2467 1191 evaserunt
2495 1128 2737 1203 divites,

423 1226 600 1306 plane
629 1244 810 1306 supra
835 1223 1076 1287 modum
1104 1225 1255 1284 fiunt
1294 1223 1453 1284 mali.
1539 1224 1813 1284 Cannu.
1859 1224 1951 1284 Ita
1986 1223 2229 1304 quidem
2272 1224 2537 1284 obtinet:
2586 1235 2737 1282 sunt

426 1327 627 1379 tamen
677 1337 796 1378 non
830 1337 1036 1378 omnes
1085 1317 1244 1378 mali.
1330 1315 1535 1378 Ριυτ.
1582 1317 1719 1379 Νοιι
1755 1316 1953 1378 hercle
1995 1335 2201 1378 omnes
2246 1316 2446 1388 modo,
2497 1315 2604 1376 sed
2654 1314 2735 1378 sd

419 1430 603 1474 unum
627 1431 832 1472 omnes
857 1409 1054 1472 simul.
1142 1411 1313 1473 Can.
1361 1409 1559 1470 Flebis
1586 1409 1847 1488 largiter.
1933 1411 2206 1470 Cannu.
2236 1410 2317 1468 At
2343 1420 2403 1471 tu
2437 1418 2505 1469 ut
2548 1407 2733 1480 scias,

421 1513 670 1584 quanta,
701 1504 750 1564 si
779 1503 940 1584 apud
971 1523 1080 1564 nos
1106 1523 1371 1576 maneas,
1400 1515 1686 1564 eventura
1714 1504 1831 1566 sint
1857 1504 2036 1574 bona,
2070 1502 2309 1564 adverte
2336 1503 2619 1572 animum,
2666 1511 2739 1562 ut

419 1597 741 1678 intelligas.
825 1597 1092 1660 Arbitror
1119 1595 1297 1668 enim,
1327 1597 1504 1656 modo
1542 1596 1691 1656 deus
1746 1596 1995 1668 adnuat,
2042 1615 2137 1656 me
2180 1596 2297 1658 ista
2341 1607 2399 1656 te
2445 1595 2732 1655 liberatu-

420 1710 549 1750 rum
577 1692 868 1764 coecitate,
893 1691 1164 1752 restituto
1193 1690 1297 1750 tibi
1329 1690 1478 1750 visu.
1561 1689 1769 1752 Pru-r.
1814 1690 2061 1752 Minima
2103 1689 2259 1750 istuc
2301 1689 2547 1757 feceris3
2585 1687 2735 1748 nolo

418 1783 575 1844 enim
629 1803 834 1844 rursus
890 1784 1080 1846 visum
1127 1783 1406 1860 recipere.
1520 1783 1797 1846 Cannu.
1860 1783 2019 1852 Quid
2076 1781 2213 1844 ais?
2296 1782 2465 1844 cin.
2525 1781 2731 1843 Homo

417 1878 529 1938 iste
555 1877 794 1957 ingenio
823 1885 1113 1939 natusest
1155 1875 1232 1936 ad
1279 1876 1595 1936 miseriam.
1678 1876 1885 1937 Ριυτ.
1930 1877 2164 1957 Jupiter
2208 1877 2388 1948 enim,
2436 1885 2531 1936 sat
2576 1875 2735 1948 scio,

416 1989 598 2050 quum
623 1971 874 2050 primum
902 1969 1086 2030 stulta
1106 1967 1311 2029 horum
1355 1969 1516 2030 facta
1566 1959 2017 2044 animadvertet,
2060 1971 2296 2050 penitus
2348 1989 2441 2030 me
2487 1969 2727 2052 perdet.

419 2064 694 2125 Camur-
741 2063 918 2123 Nunc
974 2082 1115 2122 vero
1159 2080 1355 2122 nonne
1405 2062 1520 2124 hoc
1574 2064 1736 2135 facit,
1784 2064 1887 2143 qui
1942 2075 2001 2123 te
2044 2065 2267 2143 passim
2323 2062 2727 2124 offendentem

415 2175 612 2221 errare
639 2154 823 2217 sinit?
865 2155 1069 2216 PLur.
1111 2154 1374 2216 Nescio:
1429 2167 1492 2216 at
1511 2176 1624 2236 ego
1643 2157 1810 2218 illum
1838 2156 2095 2218 formido
2120 2157 2397 2218 maxime.
2442 2156 2731 2220 Cunnu-

417 2247 631 2312 Itane?
673 2268 710 2308 o
753 2249 1122 2310 timidissime
1174 2248 1432 2310 omnium
1487 2248 1773 2312 deorum!
1858 2249 2127 2312 Putasne
2178 2270 2319 2315 vero
2367 2251 2493 2312 fore
2547 2249 2730 2320 Jovis

416 2341 791 2422 tyrannidem
819 2353 882 2402 et
911 2342 1158 2404 fulmina
1180 2341 1432 2414 trioboli,
1465 2342 1515 2402 si
1537 2342 1729 2406 visum
1756 2343 2008 2422 recipias
2058 2355 2117 2404 tu
2168 2345 2259 2406 vel
2314 2345 2374 2404 in
2418 2344 2729 2412 modicum

412 2434 691 2518 tempus?
777 2435 979 2496 Purr.
1022 2435 1190 2494 Vah!
1245 2455 1322 2496 ne
1373 2435 1592 2496 dixeris
1636 2437 1774 2507 ista,
1824 2437 2021 2498 miser.
2106 2436 2379 2498 Cunna.
2424 2436 2733 2506 Quiesce:

414 2550 532 2608 ego
558 2529 714 2590 enim
759 2529 1074 2590 ostendam
1121 2538 1182 2588 te
1215 2527 1368 2588 Jove
1411 2529 1599 2590 multo
1646 2530 1782 2609 plus
1838 2549 2041 2609 posse.
2127 2531 2334 2591 qur.
2376 2531 2557 2592 Mene
2614 2529 2734 2590 tu?

413 2623 689 2684 Cannu.
734 2622 848 2684 Per
875 2621 1089 2682 coelum
1108 2621 1264 2700 juro.
1349 2623 1425 2682 Et
1444 2621 1694 2700 primum
1716 2621 1957 2701 quidem
1984 2641 2089 2702 per
2115 2643 2433 2704 quemnam
2459 2623 2725 2702 imperat

411 2716 642 2797 Jupiter
671 2713 841 2778 Diis?
923 2715 1089 2780 Gna.
1133 2712 1247 2774 Per
1277 2725 1622 2792 argentum:
1674 2714 1991 2793 plurimum
2019 2716 2175 2776 enim
2202 2727 2295 2777 est
2314 2717 2387 2778 ei.
2436 2716 2722 2778 cnam.

411 2809 566 2889 Age,
589 2810 724 2889 quis
751 2810 952 2889 itaque
999 2818 1111 2880 est,
1153 2807 1256 2887 qui
1305 2807 1422 2868 hoc
1471 2808 1524 2867 ei
1568 2807 1840 2886 preibat?
1924 2807 2094 2870 Can.
2140 2809 2351 2874 Hicce.
2436 2809 2725 2870 Cunus.

413 2900 529 2962 Per
555 2921 732 2983 quem
768 2920 908 2964 vero
937 2901 1273 2965 sacrificant
1319 2899 1451 2960 illi?
1495 2919 1695 2962 nonne
1721 2919 1826 2982 per
1851 2899 2058 2963 hunc?
2141 2900 2309 2964 Can.
2352 2901 2429 2962 Et
2470 2900 2727 2983 quidem

409 2992 611 3056 hercle
637 3006 953 3074 precantur
979 2994 1199 3076 palam,
1225 3005 1294 3053 ut
1330 2993 1651 3056 ditescant.
1738 2993 2011 3059 Cannu.
2058 2994 2275 3059 Nonne
2319 2995 2501 3075 igitur
2545 2993 2727 3058 hicce

409 3099 725 3162 causaest,
753 3100 815 3148 et
838 3087 1010 3150 facile
1033 3089 1208 3148 finem
1231 3087 1517 3167 imponat,
1544 3087 1594 3148 si
1638 3087 1803 3161 velit,
1851 3086 1943 3148 his
1993 3087 2216 3158 rebus?
2301 3088 2506 3149 Pmrr.
2548 3087 2725 3158 Quid

407 3182 540 3243 ita?
623 3181 898 3244 Cannu.
944 3181 1100 3250 Quia
1137 3178 1300 3240 haud
1337 3181 1655 3261 quisquam
1700 3181 2007 3244 hominum
2056 3180 2419 3244 sacrificaret
2458 3179 2725 3260 amplius

407 3294 522 3336 nec
575 3276 808 3347 bovem,
861 3292 969 3335 nec
1025 3272 1226 3344 libum,
1279 3293 1388 3336 nec
1444 3274 1606 3335 aliud
1663 3274 2002 3354 quicquam,
2050 3284 2110 3337 te
2162 3274 2425 3338 nolente.
2507 3273 2729 3336 Ριυτ.

410 3367 774 3439 Quomodo?
857 3369 1128 3428 Canau-
1173 3364 1537 3436 Quomodo?
1580 3368 1746 3429 nullo
1773 3367 1953 3428 modo
1976 3367 2098 3440 fiet,
2148 3378 2217 3427 ut
2256 3377 2417 3432 emat
2458 3367 2727 3440 scilicet,

375 3463 524 3525 'nisi
550 3474 614 3523 tu
637 3481 902 3544 praesens
930 3460 1058 3541 ipse
1095 3459 1204 3518 des
1253 3470 1602 3542 argentum:
1650 3461 1851 3540 itaque
1894 3461 2065 3523 Jovis
2102 3462 2455 3541 potentiam,
2504 3461 2555 3520 si
2604 3460 2729 3522 tibi

407 3559 698 3624 molestus
723 3558 920 3630 fuerit,
949 3557 1122 3619 tolles
1151 3556 1338 3620 solus.
1425 3559 1629 3622 Pzn‘r.
1660 3557 1821 3628 Quid
1842 3556 2163 3622 autumas?
2223 3558 2337 3623 Per
2362 3577 2458 3622 me
2486 3555 2723 3618 sacrifi-

358 3647 364 3654 ’
405 3661 552 3714 eant
576 3650 675 3714 ei?
758 3653 1030 3712 Culum.
1071 3652 1184 3712 Aio
1205 3671 1340 3730 ego.
1426 3654 1621 3732 Atque
1642 3652 1839 3715 hercle
1868 3651 2087 3732 siquid
2122 3662 2219 3712 est
2258 3652 2605 3732 praeclarum
2654 3661 2727 3712 et

406 3743 742 3825 pulchrum,
786 3755 889 3806 aut
906 3754 1218 3808 venustum
1248 3744 1605 3818 hominibus,
1632 3745 1691 3806 id
1718 3765 1823 3825 per
1852 3755 1910 3808 te
1952 3745 2059 3810 fit:
2118 3746 2319 3806 omnia
2362 3745 2519 3805 enim
2556 3743 2733 3806 divi-

404 3840 506 3902 tiis
531 3849 758 3921 parent.
843 3839 1009 3899 Gna.
1053 3840 1212 3902 Sane
1253 3838 1528 3918 equidem
1572 3849 1813 3920 propter
1852 3838 2180 3920 pauxillum
2224 3837 2455 3917 argenti
2500 3855 2717 3899 servus

406 3952 538 3996 sum
572 3932 790 4004 factus,
815 3931 978 4011 quod
1005 3951 1124 3992 non
1153 3953 1324 4012 aeque
1355 3953 1551 3996 essem
1579 3932 1766 3995 dives,
1864 3933 2139 3994 Cannu.
2188 3932 2265 3992 Et
2302 3929 2719 3994 meretriculas

401 4024 576 4086 aiunt
599 4024 958 4097 Corinthiae,
987 4026 1282 4106 siquando
1313 4047 1416 4087 eas
1445 4045 1669 4107 pauper
1704 4027 1999 4109 quispiam
2026 4025 2445 4096 adtentaverit‚
2474 4045 2549 4086 ne
2578 4026 2723 4088 ani-
2828 4071 2848 4091 .

405 4127 568 4180 mum
583 4117 818 4198 quidem
869 4117 1212 4190 advertet-eg
1253 4121 1306 4180 si
1335 4140 1472 4180 vero
1515 4121 1705 4194 dives,
1750 4121 1985 4182 clunem
2023 4140 2129 4182 eas
2158 4119 2454 4200 extemplo
2482 4118 2569 4180 illi
2594 4121 2714 4181 ob·

403 4222 652 4274 vertere.
682 4211 850 4272 Can.
866 4210 1022 4280 Quin
1043 4224 1103 4276 et
1113 4234 1326 4294 pueros
1355 4215 1523 4276 aiunt
1542 4213 1699 4275 idem
1714 4215 1869 4276 istuc
1886 4213 2177 4288 factitare,
2206 4233 2326 4274 non
2352 4223 2721 4288 amatorum,

401 4303 514 4368 sed
537 4305 808 4386 pecuniae
836 4304 1048 4385 gratia.
1127 4308 1397 4368 Canen.
1443 4309 1581 4370 Non
1606 4310 1823 4390 probos
1849 4329 2013 4382 vero,
2042 4309 2149 4370 sed
2175 4307 2522 4379 meritorios,
2550 4327 2719 4388 quo-

403 4399 564 4460 niam
581 4420 700 4461 non
722 4398 997 4480 flagitant
1014 4400 1328 4481 pecuniam
1355 4403 1545 4482 probi.
1584 4403 1753 4464 Cn..
1775 4402 1936 4472 Quid
1960 4401 2149 4482 ergo?
2234 4402 2507 4462 Cannu.
2530 4401 2717 4462 Alius

404 4509 620 4569 equum
676 4512 1048 4572 generosum,
1106 4494 1256 4555 alius
1311 4514 1492 4556 canes
1550 4497 1875 4558 venaticos.
1982 4497 2157 4558 Gna.
2226 4495 2500 4572 Namque
2558 4493 2718 4556 dum
