3059 5059
304 391 667 472 sor-564]
1310 388 1628 452 RANAE.
1837 396 1846 403 ·
2315 404 2320 415 ·
2492 398 2612 463 Ωιτ

302 523 591 587 animum.
675 522 927 586 Bacca.
969 520 1107 584 Non
1124 521 1229 603 pol
1254 522 1369 584 mei
1397 519 1606 584 similis
1628 521 1770 595 eris,
1799 523 1908 585 sed
1935 543 2139 588 revera
2169 526 2276 589 ille
2325 522 2610 593 Meliten·

303 616 389 679 sis
415 620 685 679 verbero.
765 614 1336 705 Agedumstrngula
1370 616 1489 678 ista
1522 616 1750 677 tollam.
1831 618 1996 679 Aac.
2040 617 2096 678 Ο
2145 621 2469 696 carissime,
2508 639 2610 685 ve·

302 709 507 773 nistin'
531 710 867 773 Hercules?
913 711 1033 772 huc
1052 708 1381 790 ing-redere.
1449 710 1606 771 Nam
1636 708 1812 785 Diva,
1837 721 1907 771 ut
1933 710 2162 773 audivit
2187 722 2246 773 te
2272 713 2610 793 advenisse,

304 804 511 865 statim
536 805 758 885 pinsuit
784 823 995 885 panes,
1021 804 1181 864 coxit
1200 802 1566 881 leg-uminum
1594 802 1885 865 fresorum
1910 804 2085 877 ollas,
2117 806 2296 885 pultis
2323 806 2476 868 duas
2505 816 2613 871 aut
2671 850 2678 855 -
2739 878 2748 889 ⁸

302 908 467 965 tresz
516 896 729 959 bovem
755 896 981 958 assavit
1026 895 1340 975 integrum,
1380 896 1694 977 placentas
1740 896 1972 970 torruit,
2019 896 2322 959 collabos:
2361 897 2470 959 sed
2517 899 2612 959 in·

302 989 595 1071 gredere·
664 990 933 1053 xnus-11.
976 990 1141 1050 Bene
1184 1006 1401 1049 vocas:
1456 990 1647 1069 gratia
1693 999 1810 1051 est.
1887 990 2055 1051 Aac.
2101 991 2194 1051 Ita
2241 1010 2336 1071 me
2391 990 2610 1071 Apollo

304 1092 490 1156 amet,
518 1094 589 1145 ut
614 1100 729 1162 ego
750 1093 807 1143 te
828 1098 1131 1162 nunquam
1153 1079 1342 1140 sinam
1363 1080 1521 1143 abire
1544 1102 1562 1149 ς
1593 1082 2077 1163 quandoquidem
2102 1093 2164 1143 et
2181 1102 2394 1145 carnes
2414 1084 2610 1145 avium

302 1174 572 1248 elixavit,
600 1186 664 1238 et
686 1174 931 1237 bellaria
952 1174 1133 1245 frixit,
1162 1182 1223 1235 et
1248 1172 1447 1232 viuum
1476 1174 1714 1233 miscuit
1739 1176 2172 1237 suavissimum.
2258 1176 2382 1239 Sed
2407 1178 2609 1258 ingre*

302 1266 451 1331 dere
478 1285 731 1333 mecum.
813 1268 1084 1331 Xaurn.
1113 1263 1509 1345 Perbenigne.
1590 1265 1840 1329 Bacca.
1868 1268 2078 1348 Nugas
2108 1269 2278 1349 agis:
2305 1288 2428 1331 non
2450 1271 2608 1332 enim

301 1370 364 1423 te
392 1360 684 1423 mittam.
765 1362 931 1423 Aac.
962 1361 1237 1441 Namque
1260 1368 1323 1421 et
1350 1357 1598 1419 tibicina
1617 1358 1723 1419 tibi
1749 1378 1870 1421 una
1888 1371 1982 1421 est
2006 1362 2168 1422 intus
2189 1361 2607 1442 pulcherrima,

302 1462 369 1516 et
391 1454 731 1516 saltatrices
752 1453 891 1515 dum
933 1462 1041 1513 aut
1092 1464 1234 1513 tres.
1314 1453 1588 1513 Xan-ru.
1631 1451 1792 1520 Quid
1845 1471 2134 1515 memoras
2155 1453 2184 1511 ἲ
2227 1456 2607 1517 saltatrices?

302 1548 474 1608 Aac.
515 1547 943 1619 Pubescente-s„
980 1554 1043 1604 et
1084 1562 1289 1605 recens
1328 1544 1541 1607 vulsae.
1629 1544 1762 1604 Sed·
1791 1546 2134 1625 ingredere:
2187 1564 2328 1607 nam
2373 1561 2606 1629 coquus

292 1636 422 1718 jam
452 1639 653 1719 pisces
675 1647 805 1700 erat
828 1637 1202 1699 detracturus
1229 1637 1384 1711 foco,
1412 1647 1474 1698 et
1500 1656 1709 1701 mensa
1738 1638 1894 1700 intro
1933 1638 2245 1699 ferebatur.
2331 1642 2604 1705 Xsnrn.

301 1732 584 1814 Agedum
610 1731 711 1793 dic
734 1731 923 1813 primo
944 1728 1203 1792 tibicinis
1224 1728 1366 1805 illis,
1393 1750 1529 1811 quae
1557 1732 1720 1793 intus
1746 1742 1908 1805 sunt,
1927 1750 2022 1793 me
2049 1732 2244 1813 ipsum
2255 1733 2386 1813 jam
2413 1734 2610 1815 ingre-

298 1823 385 1886 di.
468 1825 583 1903 Tu,
602 1844 771 1906 puer,
799 1842 1047 1905 sequere
1090 1822 1345 1884 mehac
1388 1832 1451 1885 et
1492 1824 1582 1884 fer
1626 1824 1914 1904 stragula.
1998 1825 2251 1888 Bacen-
2295 1826 2466 1888 Heus
2515 1836 2603 1903 tu,
2657 1885 2662 1891 .

296 1918 447 1979 siste
476 1919 749 1999 gradum.
790 1918 1203 1999 Nequaquam,
1228 1916 1457 1997 opinor,
1485 1935 1592 1995 pro
1617 1936 1680 1978 re
1707 1918 1862 1979 seria
1902 1918 2109 1993 habes,
2134 1917 2297 2000 quod
2327 1928 2384 1981 te
2395 1920 2602 2000 joculo

290 2010 409 2073 feci
437 2010 797 2073 Herculem:
848 2029 959 2071 nec
978 2010 1137 2071 ultro
1163 2010 1424 2090 ungeris,
1453 2009 1754 2079 Xanthia3
1807 2009 1916 2072 sed
1951 2012 2188 2073 sublata
2227 2032 2432 2075 rursus
2466 2012 2603 2075 haec

290 2104 385 2165 fer
407 2105 697 2185 stragula.
780 2106 1049 2165 Xasrrr.
1072 2102 1234 2172 Quid
1260 2102 1399 2164 est?
1445 2122 1566 2165 uon
1587 2104 1842 2185 cog-itas,
1859 2112 1930 2165 ut
1952 2112 2120 2185 puto,
2149 2104 2292 2167 mihi
2317 2106 2600 2180 adimere,

288 2214 433 2277 que
458 2197 589 2277 ipse
622 2196 863 2259 dedisti.
946 2196 1195 2258 Bacca.
1240 2196 1381 2256 Non
1428 2214 1574 2257 eme
1624 2197 1846 2277 cogito,
1897 2196 2008 2257 sed
2052 2197 2179 2279 jam
2223 2200 2380 2259 istuc
2425 2198 2604 2262 facio.

290 2288 547 2371 Depone
574 2290 813 2371 pellem.
894 2290 1166 2351 Xasrn.
1206 2289 1417 2350 Testes
1444 2290 1655 2352 horum
1699 2308 1814 2373 ego
1862 2289 2010 2351 deos
2055 2308 2226 2365 voco,
2269 2291 2460 2373 iisque
2505 2290 2601 2352 ul-

285 2382 515 2443 tionem
542 2382 863 2445 committo.
946 2381 1197 2443 Bacca.
1241 2382 1409 2451 Quos
1438 2382 1632 2445 deos?
1681 2402 1884 2445 annon
1902 2402 2042 2445 vero
2066 2383 2336 2463 ineptum
2363 2394 2426 2445 et
2445 2382 2602 2445 stul-

288 2483 419 2535 tum
448 2486 565 2549 est,
592 2486 652 2535 te
678 2492 935 2554 sperare,
962 2485 1033 2536 nt
1056 2474 1405 2536 Alcumenae
1432 2475 1588 2537 filius
1616 2476 1726 2551 sis,
1751 2478 1853 2558 qui
1876 2494 2082 2539 servus
2109 2496 2176 2537 es
2197 2486 2260 2537 et
2284 2476 2552 2539 mortalis
2570 2474 2602 2537 ‘l

288 2566 567 2629 Kastra.
608 2566 773 2632 Bene
814 2586 982 2629 sane.
1065 2568 1239 2627 Habe
1265 2568 1419 2629 lraec.
1505 2568 1681 2630 Forte
1703 2570 1862 2630 enim
1881 2569 2206 2649 aliquando
2223 2570 2340 2630 mei
2367 2568 2601 2650 indige·

288 2660 407 2735 bis,
433 2660 665 2723 sidens
693 2660 873 2721 volet.
944 2660 1165 2721 Cuoa.
1197 2658 1333 2719 Hoc
1370 2660 1477 2719 viri
1522 2674 1619 2721 est
1664 2661 1892 2720 cordati
1930 2669 1994 2719 et
2026 2662 2338 2741 sapientis,
2373 2661 2598 2743 quique

288 2752 547 2815 mulum
586 2752 1195 2833 circumnavigaverit,
1234 2760 1582 2809 convertere
1609 2749 1865 2829 seipsum
1893 2767 2128 2831 semper
2153 2752 2232 2812 nd
2259 2750 2409 2814 illud
2435 2754 2595 2816 latus

290 2846 489 2921 navis,
509 2846 679 2928 'quod
704 2848 863 2908 bono
888 2854 1049 2906 statu
1076 2851 1191 2916 est,
1210 2841 1415 2924 potius
1432 2860 1637 2922 quam,
1663 2842 1852 2902 instar
1880 2842 2056 2922 pictae
2077 2842 2374 2923 imaginis,
2419 2855 2598 2921 stare,

288 2938 504 3000 eodem
532 2948 765 2999 retento
789 2939 1019 3000 habitu.
1102 2938 1187 2997 At
1210 2945 1556 2996 convertere
1593 2952 1662 2994 se
1689 2934 1770 2994 ad
1811 2934 2138 2997 molliorem
2183 2946 2424 3010 sortem,
2461 2938 2599 3001 sciti

288 3041 389 3092 est
412 3029 697 3104 hominis,
727 3038 789 3091 et
826 3024 1004 3110 plane
1048 3026 1457 3089 Theramenis.
1541 3026 1791 3088 Bacca.
1831 3027 2052 3088 Annon
2091 3045 2232 3089 vero
2277 3028 2598 3095 ridiculum

288 3132 475 3197 esset,
518 3120 575 3182 si
612 3120 881 3183 Xanthia
922 3119 1162 3203 quidem
1212 3138 1443 3195 servus,
1492 3119 1556 3181 in
1610 3118 1864 3181 Milesiis
1913 3120 2196 3201 stragulis
2240 3132 2597 3203 prostratus,

292 3216 650 3297 subegitans
677 3215 1061 3288 saltatricem,
1082 3213 1369 3275 matulam
1397 3232 1493 3275 me
1520 3212 1632 3274 sibi
1660 3213 1812 3275 ferre
1825 3213 2102 3295 juberetz
2133 3232 2246 3296 ego
2273 3234 2414 3279 vero
2432 3217 2596 3281 hune

288 3312 533 3372 intuens
562 3310 886 3370 mentulam
912 3308 1058 3369 mihi
1084 3308 1382 3376 fricaremz
1444 3307 1560 3368 iste
1581 3324 1745 3382 vero,
1777 3316 1984 3388 utpote
2029 3306 2208 3369 homo
2249 3310 2434 3385 vafer,
2476 3310 2596 3374 hoe

292 3401 819 3475 animadverteret,
844 3410 907 3463 et
932 3401 1191 3483 impacto
1218 3418 1425 3481 pugno
1466 3400 1791 3462 anteriores
1837 3400 1980 3461 mihi
2025 3400 2238 3464 dentes
2279 3420 2316 3462 e
2353 3404 2598 3467 maxilla

292 3493 645 3560 excuteret!
726 3495 939 3557 Cant.
983 3494 1035 3556 1.
1074 3494 1393 3567 Plathana,
1442 3491 1744 3554 Plathana
1786 3491 1908 3553 huc
1945 3491 2116 3555 ades.
2201 3494 2316 3556 Hic
2361 3494 2462 3557 ille
2499 3506 2598 3559 est

294 3590 614 3663 suiectus,
639 3586 831 3669 quiin
858 3606 1191 3671 cauponam
1218 3587 1526 3669 ingressus
1556 3584 1896 3667 aliquando,
1925 3585 2183 3649 sedecim
2207 3604 2396 3667 panes
2423 3591 2596 3653 nobis

294 3682 585 3747 eomedit.
662 3680 876 3743 Cant.
918 3682 1000 3745 11.
1043 3682 1203 3743 Sane
1250 3692 1487 3743 ecastor
1537 3680 1640 3742 ille
1677 3681 1806 3762 ipse
1853 3688 1966 3743 est.
2048 3680 2318 3741 Xaunr,
2363 3679 2596 3744 Malum

293 3778 567 3838 imminet
590 3775 958 3837 nonnemini.
999 3776 1213 3837 Caua.
1242 3775 1293 3838 1.
1322 3772 1402 3836 Et
1426 3774 1691 3835 carnium
1719 3774 1958 3855 insuper
1975 3770 2264 3833 elixarum
2289 3772 2480 3835 frusta
2505 3776 2596 3837 vi-

292 3870 469 3949 ginti,
488 3867 903 3931 semiobolaria
920 3868 1177 3951 singula.
1218 3867 1727 3930 Xan-rmPoenas
1749 3864 1915 3927 dabit
1939 3882 2259 3927 nonnemo.
2300 3866 2514 3930 Caua.
2541 3870 2591 3929 Ι.

298 3962 375 4025 Et
418 3963 619 4025 multa
671 3962 776 4023 illa
818 3950 955 4024 alia.
1051 3962 1303 4024 Bacca.
1346 3960 1582 4037 Mulier,
1631 3978 1824 4041 nugas
1879 3959 2031 4039 agis,
2089 3976 2204 4021 uec
2263 3959 2384 4021 scis
2444 3960 2593 4042 quid

294 4054 487 4119 dicas.
572 4056 786 4119 Caur-
828 4057 880 4117 1.
912 4057 1151 4139 Ergone
1171 4054 1474 4137 sperabas,
1500 4052 1665 4135 quod
1691 4052 2018 4115 cothurnos
2045 4052 2318 4128 haberes,
2345 4070 2442 4115 me
2469 4072 2592 4116 uon

294 4158 358 4211 te
383 4148 644 4229 amplius
668 4150 1003 4231 agnitorem
1023 4149 1063 4210 2-
1132 4150 1341 4212 ΟΑυι».
1385 4148 1468 4211 11.
1496 4147 1657 4218 Quid
1685 4146 1869 4210 vero?
1917 4146 2106 4208 multa
2131 4147 2236 4209 illa
2263 4149 2590 4211 salsamen-

294 4244 361 4303 ts
384 4242 661 4304 noudum
679 4242 823 4321 dixi,
850 4262 1047 4325 neque
1082 4252 1318 4305 ecastor
1354 4260 1598 4305 caseum
1637 4240 1808 4302 illum
1845 4248 2163 4313 recentem,
2201 4242 2416 4303 misera
2455 4260 2590 4323 ego,

294 4350 477 4415 quem
506 4348 633 4398 ana
652 4352 793 4401 eum
816 4338 965 4421 ipsis
1007 4336 1249 4398 fiscellis
1286 4334 1632 4397 devoravit:
1691 4334 1906 4397 deinde
1947 4354 2128 4415 quum
2169 4336 2480 4415 pecuniam
2517 4332 2596 4396 ab

292 4426 431 4508 ipso
478 4428 805 4513 exigerem,
846 4430 1095 4493 intuitus
1138 4442 1233 4493 est
1286 4448 1383 4491 me
1426 4440 1614 4503 torve,
1663 4438 1729 4491 et
1771 4426 2004 4509 mugiit.
2084 4430 2354 4490 Xan-ru.
2395 4425 2591 4505 Hujus

296 4518 545 4583 unito
584 4523 751 4585 {uta
789 4520 924 4587 he
960 4532 1135 4595 sunt:
1178 4524 1263 4587 ita
1308 4524 1463 4588 solet
1503 4522 1746 4605 ubique.
1829 4522 2040 4593 Cam.
2080 4520 2164 4583 Π.
2207 4520 2287 4580 Et
2329 4517 2596 4597 gladium

454 4612 663 4678 Arist.
691 4614 835 4681 lat.
2303 4616 2344 4673 2
2385 4610 2440 4673 E

926 4764 941 4811 l
